% bibtex file containing refs %
%
% 1998/08/12  Jonathan Baker 
% Renamed to apj-jour.bib.  Modified to use the journal commands (such
% as "\apj") from the AASTeX v.4 macros.

% $Log: apj-jour.bib,v $
% Revision 1.2  1998/08/30 22:35:44  jbaker
% Added RCS keywords.
%

% Copyright (C) 1990 Sake J. Hogeveen.

% This is MNEMONIC.BIB, a bibliography database file that provides mnemonics
% for journal names, which can be used in the `journal' field of bibliography
% entries in databases for BibTeX.
% The abbreviations of the journal names in this file follow the rules of
% the International List of Periodical Title Word Abbreviations.
% From: Astronomy and Astrophysics Abstracts, 1990, Vol. 49A

% Copyright Notice:
% The files ASTRON.BST, ASTRON.STY, ASTDOC.TEX, ASTDOC.BIB, EXAMPLE.TEX,
% EXAMPLE.BIB, MNEMONIC.BIB, and TEMPLATE.BIB are a package.
% You may copy and distribute them freely for non-commercial purposes,
% provided that you keep the package together and this copyright notice
% in tact.
% You may not alter or modify the files; this helps to ensure that all
% distributions of ASTRON.BST and related files are the same.
% If you make any modifications, then you must give the files new names,
% other than the present.
% The author bears no responsibilities for errors in this document or
% the software it describes; and shall not be held liable for any indirect,
% incidental, or consequential damages.

@STRING{aao = "AAO Newsl."}
@STRING{aavso = "AAVSO Newsl."}
@STRING{acta = "Acta Astron."}
@STRING{aaguv = "Acta Astron. Geophys. Univ. Comenianae"}
@STRING{actastsin = "Acta Astron. Sin."}
@STRING{actapsin = "Acta Astrophys. Sin."}
@STRING{agg = "Acta Geod. Geophys."}
@STRING{ags = "Acta Geophys. Sin."}
@STRING{appsb = "Acta Phys. Pol., Ser. B"}
@STRING{atash = "Acta Tech. Acad. Sci. Hung."}
@STRING{advp = "Adv. Phys."}
@STRING{advsr = "Adv. Space Res."}
@STRING{aip = "AIP Conf. Proc."}
@STRING{aavsob = "Am. Assoc. Variable Star Obs. Bull."}
@STRING{aavsoc = "Am. Assoc. Variable Star Obs. Circ."}
@STRING{amjp = "Am. J. Phys."}
@STRING{aatar = "Anglo--Aust. Telesc., Annu. Rep."}
@STRING{ag = "Ann. Geophys."}
@STRING{araa = "\araa"} % "Ann. Rev. Astron. Astrophys."
@STRING{apl = "Ann. Phys. (Leipzig)"}
@STRING{apny = "Ann. Phys. (N.Y.)"}
@STRING{app = "Ann. Phys. (Paris)"}
@STRING{ao = "\ao"} % "Appl. Opt."
@STRING{appl = "Appl. Phys. Lett."}
@STRING{apb = "Appl. Phys., B"}
@STRING{as = "Appl. Spectrosc."}
@STRING{ahes = "Arch. Hist. Exact Sci."}
@STRING{archuk = "Archeoastronomy (U.K.)"}
@STRING{asbts = "Archenhold--Sternw. Berlin--Treptow, Sonderdr."}
@STRING{asbtvs = "Archenhold--Sternw. Berlin--Treptow, Vortr. Schr."}
@STRING{aonaicnl = "Arecibo Obs./NAIC, Newsl."}
@STRING{artsat = "Artif. Satell."}
@STRING{aiisao = "Astrofiz. Issled. Izv. Spets. Astrofiz. Obs."}
@STRING{af = "Astrofizika"}
@STRING{aap = "Astron. Astrophys."}
@STRING{aar = "\aapr"} % "Astron. Astrophys. Rev."
@STRING{aas = "\aaps"} % "Astron. Astrophys. Suppl. Ser."
@STRING{abco = "Astron. Bull. (Carter Obs.)"}
@STRING{agas = "Astron. Ges., Abstr. Ser."}
@STRING{asther = "Astron. Her."}
@STRING{aiubc = "Astron. Inst. Univ. Brno, Contrib."}
@STRING{aj = "Astron. J."}
@STRING{an = "Astron. Nachr."}
@STRING{astnow = "Astron. Now"}
@STRING{astraum = "Astron. Raumfahrt"}
@STRING{astriha = "Astron. Rechen-Inst.Heidelb., Mitt., Ser. A"}
@STRING{astrihb = "Astron. Rechen-Inst.Heidelb., Mitt., Ser. B"}
@STRING{astschu = "Astron. Sch."}
@STRING{asttid = "Astron. Tidsskr."}
@STRING{asttsir = "Astron. Tsirk."}
@STRING{astvest = "Astron. Vestn."}
@STRING{astzh = "\azh"} % "Astron. Zh."
@STRING{astuai = "Astronomia UAI"}
@STRING{astie = "Astronomie"}
@STRING{asty = "Astronomy"}
@STRING{apj = "Astrophys. J."}
@STRING{apjss = "\apjs"} % "Astrophys. J., Suppl. Ser."
@STRING{aplc = "\aplett"} % "Astrophys. Lett. Commun."
@STRING{apspr = "\apspr"} % "Astrophys. Space. Phys. Res."
@STRING{apss = "\apss"} % "Astrophys. Space. Sci."
@STRING{ap = "Astrophysics"}
@STRING{aanlsor = "Atti Accad. Naz. Lincei, Ser. Ottava, Rend."}
@STRING{ajast = "Aust. J. Astron."}
@STRING{ajp = "Aust. J. Phys."}
@STRING{bavm = "BAV Mitt."}
@STRING{bavr = "BAV Rundbrief"}
@STRING{bbsag = "BBSAG Bull."}
@STRING{bestarnl = "Be Star Newsl."}
@STRING{bildw = "Bild Wiss."}
@STRING{bipm = "BIPM Circ. T"}
@STRING{boaumkt = "Biul. Obs. Astron. Uniw. M. Kopernika Toruniu"}
@STRING{boe = "Bol. Obs. Ebro"}
@STRING{broa = "Bol. ROA"}
@STRING{blm = "Boundary-Layer Meteorol."}
@STRING{boop = "Boyden Obs., Occas. Publ."}
@STRING{bastac = "Br. Astron. Assoc. Circ."}
@STRING{bjp = "Bulg. J. Phys."}
@STRING{baas = "Bull. Am. Astron. Soc."}
@STRING{baps = "Bull. Am. Phys. Soc."}
@STRING{bafoev = "Bull. Assoc. Fr. Obs. Etoiles Variables"}
@STRING{bastic = "Bull. Astron. Inst. Czech."}
@STRING{basi = "Bull. Astron. Soc. India"}
@STRING{bain = "\bain"} % "Bull. Astron. Inst. Netherlands"
@STRING{bcao = "Bull. Crimean Astrophys. Obs."}
@STRING{bgsi = "Bull. Geogr. Surv. Inst."}
@STRING{bicds = "Bull. Inf. Cent. Donn\'ees Stellaires"}
@STRING{boab = "Bull. Obs. Astron. Belgr."}
@STRING{crassgvs = "C. R. Acad. Sci., S\'er. G\'en., Vie Sci."}
@STRING{crassii = "C. R. Acad. Sci., II"}
@STRING{cjp = "Can. J. Phys."}
@STRING{cm = "Celest. Mech."}
@STRING{cassos = "Cent. Astron. Sci. Spat., Obs. Sol."}
@STRING{cent = "Centaurus"}
@STRING{cpl = "Chem. Phys. Lett."}
@STRING{chinaa = "Chin. Astron. Astrophys."}
@STRING{chinp = "Chin. Phys."}
@STRING{chinpl = "Chin. Phys. Lett."}
@STRING{ciel = "Ciel"}
@STRING{cielt = "Ciel Terre"}
@STRING{ccotl = "Circ. Czech. Obs. Time Lattiude"}
@STRING{cinf = "Circ. Inf."}
@STRING{ctls = "Circ. Time Latitude Serv."}
@STRING{cqg = "Class. Quantum Grav."}
@STRING{cast = "Comments Astrophys."}
@STRING{cnpp = "Comments Nucl. Part. Phys."}
@STRING{cppcf = "Comments Plasma Phys. Controlled Fusion"}
@STRING{cfsua = "Commun. Fac. Sci. Univ. Ankara, Ser. A2, A3"}
@STRING{cko = "Commun. Konkoly Obs."}
@STRING{cmp = "Commun. Math. Phys."}
@STRING{culo = "Commun. Univ. Lond. Obs."}
@STRING{comp = "Comput. Phys."}
@STRING{compcom = "Comput. Phys. Commun."}
@STRING{cp = "Contemp. Phys."}
@STRING{caosp = "Contrib. Astron. Obs. Skalnat\'e Pleso"}
@STRING{cap = "Contrib. Atmos. Phys."}
@STRING{cdaut = "Contrib. Dep. Astron., Univ. Tokyo"}
@STRING{clo = "Contrib. Lick Obs."}
@STRING{cncopb = "Contrib. Nicholas Copernicus Obs. Planetarium Brno"}
@STRING{cnjro = "Contrib. Nizamiah Japal-Rangapur Obs."}
@STRING{cpp = "Contrib. Plasma Phys."}
@STRING{cvvo = "Contrib. Van Vleck Obs."}
@STRING{cr = "Cosmic Res."}
@STRING{cryo = "Cryogenics"}
@STRING{czjp = "Czech. J. Phys., Sect. B"}
@STRING{drho = "Data Rep. Hydrogr. Obs., Ser. Astron. Geod."}
@STRING{dgkbawb = "Dtsch. Geod. Komm. Bayer. Akad. Wiss., Reihe B"}
@STRING{dgkbawc = "Dtsch. Geod. Komm. Bayer. Akad. Wiss., Reihe C"}
@STRING{dgkbawe = "Dtsch. Geod. Komm. Bayer. Akad. Wiss., Reihe E"}
@STRING{epsl = "Earth Planet. Sci. Lett."}
@STRING{erb = "Earth Rotation Bull."}
@STRING{emp = "Earth, Moon, Planets"}
@STRING{esrev = "Earth--Sci. Rev."}
@STRING{esab = "ESA Bull."}
@STRING{esaiuenl = "ESA IUE Newsl."}
@STRING{esaj = "ESA J."}
@STRING{esoar = "ESO Ann. Rep."}
@STRING{ejp = "Eur. J. Phys."}
@STRING{epl = "Europhys. Lett."}
@STRING{epn = "Europhys. News"}
@STRING{expast = "Exp. Astron."}
@STRING{fiz = "Fizika"}
@STRING{fortp = "Fortschr. Phys."}
@STRING{fp = "Found. Phys."}
@STRING{funcp = "\fcp"} % "Fundam. Cosmic Phys."
@STRING{gaab = "G.~A.A.B."}
@STRING{gast = "G. Astron."}
@STRING{gem = "Gemini"}
@STRING{grg = "Gen. Relativ. Gravitation"}
@STRING{gca = "\gca"} "Geochim. Cosmochim. Acta"
@STRING{ga = "Geomagn. Aehron."}
@STRING{gafd = "Geophys. Astrophys. Fluid Dyn."}
@STRING{gj = "Geophys. J."}
@STRING{grl = "\grl"} % "Geophys. Res. Lett."
@STRING{geo = "Geophysics"}
@STRING{geos = "GEOS Circ."}
@STRING{gbg = "Gerlands Beitr. Geophys."}
@STRING{heav = "Heavens"}
@STRING{hpa = "Helv. Phys. Acta"}
@STRING{hepnp = "High Energ. Phys. Nucl. Phys."}
@STRING{hob = "Hvar Obs. Bull."}
@STRING{hi = "Hyperfine Interact."}
@STRING{iappp = "I.A.P.P.P. Commun."}
@STRING{iauib = "IAU Inf. Bull."}
@STRING{icarus = "Icarus"}
@STRING{i3etm = "IEEE Trans. Magn."}
@STRING{i3etns = "IEEE Trans. Nucl. Sci."}
@STRING{i3etps = "IEEE Trans. Plasma Sci."}
@STRING{iersbb = "IERS Bull. B"}
@STRING{iersba = "IERS Bull.--A"}
@STRING{ijpap = "Indian J. Pure Appl. Phys."}
@STRING{ijrsp = "Indian J. Radio Space Phys."}
@STRING{ibvs = "Inf. Bull. Variable Stars"}
@STRING{iaatub = "Inst. Astron. Astrophys. Tech. Univ. Berlin, Mitt."}
@STRING{iag = "Inst. Astron. Geod., Univ. Madr., Publ."}
@STRING{ia = "Inst. Astron., Univ. Camb., Annu. Rep."}
@STRING{icq = "Int. Comet Q."}
@STRING{ijimw = "Int. J. Infrared Millimeter Waves"}
@STRING{ijmp = "Int. J. Mod. Phys. A"}
@STRING{ijtp = "Int. J. Theor. Phys."}
@STRING{ip = "Inverse Probl."}
@STRING{iastj = "Ir. Astron. J."}
@STRING{iris = "IRIS Bull. A"}
@STRING{iskz = "Issled. Solntsa Krasnykh Zvezd"}
@STRING{intsa = "Itogi Nauki Tekh., Ser. Astron."}
@STRING{intsppk = "Itogi NAuki Tekh., Ser. Plazmennye Protsessy Kosmose"}
@STRING{iaoe = "Izv. Astron. Obs. Ehngel'gardt."}
@STRING{ikao = "Izv. Krym. Astrofiz. Obs."}
@STRING{ivuzr = "Izv. Vyssch. Uchebn. Zaved., Radiofiz."}
@STRING{jasa = "J. Acoust. Soc. Am."}
@STRING{jaavso = "J. Am. Assoc. Variable Star Obs."}
@STRING{jam = "J. Appl. Meteorol."}
@STRING{jap = "J. Appl. Phys."}
@STRING{jastf = "J. Astron. Fr."}
@STRING{japast = "JA\&A"}
@STRING{jas = "J. Atmos. Sci."}
@STRING{jatp = "J. Atmos. Terr. Phys."}
@STRING{jbasta = "J. Br. Astron. Assoc."}
@STRING{jbis = "J. Br. Interplanet. Soc."}
@STRING{jcp = "\jcp"} % "J. Chem. Phys."
@STRING{jcomp = "J. Comp. Phys."}
@STRING{jel = "J. Electrostat."}
@STRING{jfseu = "J. Fac Sci., Ege Univ., Ser. A"}
@STRING{jfm = "J. Fluid Mech."}
@STRING{jgr = "\jgr"} % "J. Geophys. Res."
@STRING{jhast = "J. Hist. Astron."}
@STRING{jms = "J. Mater. Sci."}
@STRING{jmp = "J. Math. Phys."}
@STRING{jmo = "J. Mod. Opt."}
@STRING{jop = "J. Opt. (Paris)"}
@STRING{josaa = "J. Opt. Soc. Am. A"}
@STRING{josab = "J. Opt. Soc. Am. B"}
@STRING{jp = "J. Phys."}
@STRING{jpa = "J. Phys. A"}
@STRING{jpb = "J. Phys. B"}
@STRING{jpd = "J. Phys. D"}
@STRING{jpe = "J. Phys. E"}
@STRING{jpg = "J. Phys. G"}
@STRING{jpsj = "J. Phys. Soc. Jpn."}
@STRING{jpp = "J. Plasma Phys."}
@STRING{jqsrt = "\jqsrt"} % "J. Quant. Spectrosc. Radiat. Transfer"}
@STRING{jrasc = "\jrasc"} % "J. R. Astron. Soc. Can."
@STRING{jsp = "J. Stat. Phys."}
@STRING{jvst = "J. Vac. Sci. Technol., A"}
@STRING{jetpl = "JETP Lett."}
@STRING{jhatd = "Johns Hopkins APL Tech. Dig."}
@STRING{jjap1 = "Jpn. J. Appl. Phys., Part 1"}
@STRING{jjap2 = "Jpn. J. Appl. Phys., Part 2"}
@STRING{kai = "Kapteyn Astron. Inst., Annu. Rep."}
@STRING{kexto = "Kexue Tongbao"}
@STRING{kfnt = "Kinematika Fiz. Nebesn. Tel"}
@STRING{kob = "Kodaikanal Obs. Bull."}
@STRING{kt = "Komet. Tsirk."}
@STRING{ki = "Kosm. Issled."}
@STRING{koz = "Kozmos"}
@STRING{kpm = "KPM"}
@STRING{lo = "Laser Optoelektron."}
@STRING{latc = "Latitude Circ."}
@STRING{lest = "LEST Found., Annu. Rep."}
@STRING{lmp = "Lett. Math. Phys."}
@STRING{lob = "Lick Obs. Bull."}
@STRING{mg = "Manuscr. Geod."}
@STRING{ml = "Mater. Lett."}
@STRING{mrb = "Mater. Res. Bull."}
@STRING{mfs = "Mem. Fac. Sci., Kyoto Univ., Ser. Phys., Astrophys., Geophys., Chem."}
@STRING{memras = "\memras"} % "Mem. R. Astron. Soc."
@STRING{msai = "\memsai"} % "Mem. Soc. Astron. Ital."}
@STRING{merc = "Mercury"}
@STRING{mess = "Messenger"}
@STRING{met = "Meteoritics"}
@STRING{metka = "Meteoritika"}
@STRING{metro = "Metrologica"}
@STRING{mpb = "Minor Planet Bull."}
@STRING{mpc = "Minor Planet Circ."}
@STRING{masbt = "Mitt. Archenold--Sternw. Berlin Treptow"}
@STRING{mag = "Mitt. Astron. Ges."}
@STRING{mlotud = "Mitt. Lohrmann--Obs., Tech. Univ. Dresden"}
@STRING{mss = "Mitt. Sternw. Sonneberg"}
@STRING{mvs = "Mitt. Ver{\"a}nderliche Sterne"}
@STRING{mzpe = "Mitt. Zentralinst. Phys. Erde"}
@STRING{mpla = "Mod. Phys. Lett. A"}
@STRING{mnras = "Mon. Not. R. Astron. Soc."}
@STRING{mnassa = "Mon. Notes Astron. Soc. S. Afr."}
@STRING{nint = "Nablyud. Iskusstv. Nebesn. Tel."}
@STRING{nogb = "Nachr. Olbers--Ges. Bremen"}
@STRING{naoj = "Natl. Astron. Obs. (Jpn.), Repr."}
@STRING{ng = "Natl. Geogr."}
@STRING{nraoa = "Natl. Radio Astron. Obs., Repr., Ser. A"}
@STRING{nraob = "Natl. Radio Astron. Obs., Repr., Ser. B"}
@STRING{nat = "Nature"}
@STRING{natwis = "Naturwissenschaften"}
@STRING{ni = "Nauchn. Inf."}
@STRING{nlasny = "News Lett. Astron. Soc. N.Y."}
@STRING{nrodaour = "Nizamiah Rangapur Obs. Dep. Astron., Osmania Univ., Repr."}
@STRING{nraow = "NRAO Workshop"}
@STRING{nimpra = "Nucl. Instrum. Methods Phys. Res., Sect. A"}
@STRING{nimprb = "Nucl. Instrum. Methods Phys. Res., Sect. B"}
@STRING{npa = "\nphysa"} % "Nucl. Phys. A"
@STRING{npb = "Nucl. Phys. B, Part. Phys."}
@STRING{nca = "Nuovo Cimento A"}
@STRING{ncb = "Nuovo Cimento B"}
@STRING{ncc = "Nuovo Cimento C"}
@STRING{ot = "Obs. Trav."}
@STRING{obs = "Observatory"}
@STRING{onl = "Occultation Newsl."}
@STRING{ozvp = "{\"O}sterr. Z. Vermessungswes. Photogramm."}
@STRING{oc = "Opt. Commun."}
@STRING{oe = "Opt. Eng."}
@STRING{olt = "Opt. Laser Technol."}
@STRING{ol = "Opt. Lett."}
@STRING{on = "Opt. News"}
@STRING{os = "Opt. Spectrosc."}
@STRING{optik = "Optik"}
@STRING{ofeb = "Origins Life Evol. Biosphere"}
@STRING{orion = "Orion"}
@STRING{orione = "Orione"}
@STRING{oac = "Oss. Astrofis. Catania, Pubbl."}
@STRING{pz = "Perem. Zvezdy"}
@STRING{pb = "Phys. Bl."}
@STRING{pcm = "Phys. Chem. Miner."}
@STRING{pfa = "Phys. Fluids, A"}
@STRING{pfb = "Phys. Fluids, B"}
@STRING{pla = "Phys. Lett. A"}
@STRING{plb = "Phys. Lett. B"}
@STRING{pr = "\physrep"} % "Phys. Rep."
@STRING{pra = "\pra"} % "Phys. Rev. A"
@STRING{prb = "\prb"} % "Phys. Rev. B"
@STRING{prc = "\prc"} % "Phys. Rev. C"
@STRING{prd = "Phys. Rev. D"}
@STRING{ps = "\physscr"} % "Phys. Scr."
@STRING{ptch = "Phys. Teach."}
@STRING{ptod = "Phys. Today"}
@STRING{pha = "Physica A"}
@STRING{phb = "Physica B"}
@STRING{phd = "Physica D"}
@STRING{paz = "Pis'ma Astron. Zh."}
@STRING{pss = "\planss"} % "Planet. Space Sci."
@STRING{ppcf = "Plasma Phys. Controlled Fusion"}
@STRING{pa = "Postepy Astron."}
@STRING{pram = "Pram\~{a}na"}
@STRING{pri = "Priroda"}
@STRING{pasa = "Proc. Astron. Soc. Aust."}
@STRING{pi3e = "Proc. IEEE"}
@STRING{prsl = "Proc. R. Soc. London, Ser. A"}
@STRING{posp = "\procspie"} % "Proceedings of SPIE"
@STRING{past = "Prog. Astron."}
@STRING{ptp = "Prog. Theor. Phys."}
@STRING{paicas = "Publ. Astron. Inst. Czech. Acad. Sci."}
@STRING{pasj = "\pasj"} % Publ. Aston. Soc. Jpn.
@STRING{pasp = "\pasp"} % "Publ.. Astron. Soc. Pac."
@STRING{pbao = "Publ. Beijing Astron. Obs."}
@STRING{pdaub = "Publ. Dep. Astron., Univ. Beogr."}
@STRING{pdao = "Publ. Dom. Astrophys. Obs."}
@STRING{pnlaoj = "Publ. Natl. Astron. Obs. Jpn."}
@STRING{ppmo = "Publ. Purple Mt. Obs."}
@STRING{psao = "Publ. Shaanxi Astron. Obs."}
@STRING{pscds = "Publ. Sp\'ec. Cent. Donn\'ees Stellaires"}
@STRING{pyo = "Publ. Yunnan Obs."}
@STRING{pag = "Pure Appl. Geophys."}
@STRING{qbsa = "Q. Bull. Sol. Act."}
@STRING{qjras = "\qjras"} % "Q. J. R. Astron. Soc."
@STRING{rad = "Radiant"}
@STRING{rsci = "Radio Sci."}
@STRING{reche = "Recherche"}
@STRING{rpp = "Rep. Prog. Phys."}
@STRING{ra = "Rev. Astron."}
@STRING{rg = "Rev. Geophys."}
@STRING{rmf = "Rev. Mex. Fis."}
@STRING{rmp = "Rev. Mod. Phys."}
@STRING{rrp = "Rev. Roum. Phys."}
@STRING{rsi = "Rev. Sci. Instrum."}
@STRING{rnc = "Riv. Nuovo Cimento"}
@STRING{rh = "\v{R}\'{\i}\v{s}e hv\v{e}zd"}
@STRING{saaoar = "S. Afr. Astron. Obs., Annu. Rep."}
@STRING{saaoc = "S. Afr. Astron. Obs., Circ."}
@STRING{saaon = "SAAO Newsl."}
@STRING{sciam = "Sci. Am."}
@STRING{scch = "Sci. China, Ser. A"}
@STRING{srtu = "Sci. Rep. T\^{o}hoku Univ., Eighth Ser."}
@STRING{sc = "Sci"}
@STRING{sar = "Sendai Astron. Rap."}
@STRING{st = "Sidereal Times"}
@STRING{sky = "\skytel"} % "Sky Telesc."
@STRING{sbaavso = "Sol. Bull. (AAVSO)"}
@STRING{se = "Sol. Energy"}
@STRING{sp = "\solphys"} % "Sol. Phys."
@STRING{srd = "Sol. Radio Data"}
@STRING{ssres = "Sol. Syst. Res."}
@STRING{sdb = "Soln. Dannye, Byull."}
@STRING{sonne = "Sonne"}
@STRING{sbo = "Soobshch. Byurak. Obs."}
@STRING{ssao = "Soobshch. Spets. Astrofiz. Obs."}
@STRING{sost = "South. Stars"}
@STRING{sa = "\sovast"} % "Sov. Astron."
@STRING{sal = "\sovast"} % "Sov. Astron. Lett."
@STRING{sjot = "Sov. J. Opt. Technol."}
@STRING{spd = "Sov. Phys. -- Dokl."}
@STRING{spj = "Sov. Phys. -- JETP"}
@STRING{spu = "Sov. Phys. -- Usp."}
@STRING{space = "Space"}
@STRING{ssr = "\ssr"} % "Space Sci. Rev."
@STRING{stsi = "Space Telesc. Sci. Inst., Newsl."}
@STRING{sf = "Spaceflight"}
@STRING{sterne = "Sterne"}
@STRING{sw = "Sterne Weltraum"}
@STRING{sb = "Sternenbote"}
@STRING{strlast = "Strolling Astron."}
@STRING{sgg = "Stud. Geophys. Geod."}
@STRING{taot = "Tartu Astrof{\"u}{\"u}s. Obs. Teated"}
@STRING{tect = "Tectonophysics"}
@STRING{tellus = "Tellus, Ser. A"}
@STRING{tmf = "Teor. Mat. Fiz."}
@STRING{tp = "Theor. Pap."}
@STRING{tsb = "Time Serv. Bull."}
@STRING{tmnr = "Tokyo Meteor Network Rep."}
@STRING{tai = "Tsirk. Astron. Inst. (Tashkent)"}
@STRING{ufz = "Ukr. Fiz. Zh."}
@STRING{ucla = "Universe Classroom"}
@STRING{uao = "Upps. Astron. Obs., Rep."}
@STRING{urania = "Urania"}
@STRING{usnoc = "U.S. Nav. Obs., Circ."}
@STRING{usnos4 = "U.S. Nav. Obs., Ser. 4"}
@STRING{ufn = "Usp. Fiz. Nauk"}
@STRING{vsb = "Variable Star Bull."}
@STRING{vasiona = "Vasiona"}
@STRING{varih = "Ver{\"o}ff. Astron. Rechen--Inst. Heidelb."}
@STRING{vzpe = "Ver{\"o}ff. Zentralinst. Phys. Erde"}
@STRING{vesmir = "Vesm\'{\i}r"}
@STRING{vansssr = "Vestn. Akad. Nauk SSSR"}
@STRING{vku = "Vestn. Kiev. Univ., Astron."}
@STRING{va = "Vistas Astron."}
@STRING{wgn = "WGN"}
@STRING{wztud = "Wiss. Z. Tech. Univ. Dresden"}
@STRING{yama = "Yamamoto Circ."}
@STRING{zap = "\zap"} % "Z. Astrophys."
@STRING{zamp = "Z. Angew. Math. Phys."}
@STRING{zna = "Z. Naturforsch., A"}
@STRING{zpa = "Z. Phys., A"}
@STRING{zpc = "Z. Phys., C"}
@STRING{zv = "Zemlya Vselennaya"}
@STRING{zenit = "Zenit"}
@STRING{zetf = "Zh. Ehksp. Teor. Fiz."}

% 1998/08/12  Jonathan Baker 
% Renamed to mn-jour.bib.  Frequently cited journals for MNRAS have
% been modified to use the correct abbreviation, and some journals
% from the AASTeX macros have been added.

% $Log: mn-jour.bib,v $
% Revision 1.2  1998/08/30 22:35:46  jbaker
% Added RCS keywords.
%

% Copyright (C) 1990 Sake J. Hogeveen.

% This is MNEMONIC.BIB, a bibliography database file that provides mnemonics
% for journal names, which can be used in the `journal' field of bibliography
% entries in databases for BibTeX.
% The abbreviations of the journal names in this file follow the rules of
% the International List of Periodical Title Word Abbreviations.
% From: Astronomy and Astrophysics Abstracts, 1990, Vol. 49A

% Copyright Notice:
% The files ASTRON.BST, ASTRON.STY, ASTDOC.TEX, ASTDOC.BIB, EXAMPLE.TEX,
% EXAMPLE.BIB, MNEMONIC.BIB, and TEMPLATE.BIB are a package.
% You may copy and distribute them freely for non-commercial purposes,
% provided that you keep the package together and this copyright notice
% in tact.
% You may not alter or modify the files; this helps to ensure that all
% distributions of ASTRON.BST and related files are the same.
% If you make any modifications, then you must give the files new names,
% other than the present.
% The author bears no responsibilities for errors in this document or
% the software it describes; and shall not be held liable for any indirect,
% incidental, or consequential damages.

@STRING{aao = "AAO Newsl."}
@STRING{aavso = "AAVSO Newsl."}
@STRING{acta = "Acta Astron."}
@STRING{aaguv = "Acta Astron. Geophys. Univ. Comenianae"}
@STRING{actastsin = "Acta Astron. Sin."}
@STRING{actapsin = "Acta Astrophys. Sin."}
@STRING{agg = "Acta Geod. Geophys."}
@STRING{ags = "Acta Geophys. Sin."}
@STRING{appsb = "Acta Phys. Pol., Ser. B"}
@STRING{atash = "Acta Tech. Acad. Sci. Hung."}
@STRING{advp = "Adv. Phys."}
@STRING{advsr = "Adv. Space Res."}
@STRING{aip = "AIP Conf. Proc."}
@STRING{aavsob = "Am. Assoc. Variable Star Obs. Bull."}
@STRING{aavsoc = "Am. Assoc. Variable Star Obs. Circ."}
@STRING{amjp = "Am. J. Phys."}
@STRING{aatar = "Anglo--Aust. Telesc., Annu. Rep."}
@STRING{ag = "Ann. Geophys."}
@STRING{araa = "ARA\&A"} % "Ann. Rev. Astron. Astrophys."
@STRING{apl = "Ann. Phys. (Leipzig)"}
@STRING{apny = "Ann. Phys. (N.Y.)"}
@STRING{app = "Ann. Phys. (Paris)"}
@STRING{ao = "Appl. Opt."}
@STRING{appl = "Appl. Phys. Lett."}
@STRING{apb = "Appl. Phys., B"}
@STRING{as = "Appl. Spectrosc."}
@STRING{ahes = "Arch. Hist. Exact Sci."}
@STRING{archuk = "Archeoastronomy (U.K.)"}
@STRING{asbts = "Archenhold--Sternw. Berlin--Treptow, Sonderdr."}
@STRING{asbtvs = "Archenhold--Sternw. Berlin--Treptow, Vortr. Schr."}
@STRING{aonaicnl = "Arecibo Obs./NAIC, Newsl."}
@STRING{artsat = "Artif. Satell."}
@STRING{aiisao = "Astrofiz. Issled. Izv. Spets. Astrofiz. Obs."}
@STRING{af = "Afz"} % "Astrofizika"
@STRING{aa = "A\&A"} % "Astron. Astrophys."
@STRING{aar = "A\&AR"} % "Astron. Astrophys. Rev."
@STRING{aas = "A\&AS"} % "Astron. Astrophys. Suppl. Ser."
@STRING{abco = "Astron. Bull. (Carter Obs.)"}
@STRING{agas = "Astron. Ges., Abstr. Ser."}
@STRING{asther = "Astron. Her."}
@STRING{aiubc = "Astron. Inst. Univ. Brno, Contrib."}
@STRING{astj = "AJ"} % "Astron. J."
@STRING{an = "Astron. Nachr."}
@STRING{astnow = "Astron. Now"}
@STRING{astraum = "Astron. Raumfahrt"}
@STRING{astriha = "Astron. Rechen-Inst.Heidelb., Mitt., Ser. A"}
@STRING{astrihb = "Astron. Rechen-Inst.Heidelb., Mitt., Ser. B"}
@STRING{astschu = "Astron. Sch."}
@STRING{asttid = "Astron. Tidsskr."}
@STRING{asttsir = "Astron. Tsirk."}
@STRING{astvest = "Astron. Vestn."}
@STRING{astzh = "AZh"} % "Astron. Zh."
@STRING{astuai = "Astronomia UAI"}
@STRING{astie = "Astronomie"}
@STRING{asty = "Astronomy"}
@STRING{apjl = "Astrophys. J. Lett."}
@STRING{apjss = "ApJS"} % "Astrophys. J. Suppl. Ser."
@STRING{aplc = "Astrophys. Lett. Commun."}
@STRING{apss = "Astrophys. Space. Sci."}
@STRING{apss = "Astrophys. Space. Sci."}
@STRING{ap = "Astrophysics"}
@STRING{aanlsor = "Atti Accad. Naz. Lincei, Ser. Ottava, Rend."}
@STRING{ajast = "Aust. J. Astron."}
@STRING{ajp = "Aust. J. Phys."}
@STRING{bavm = "BAV Mitt."}
@STRING{bavr = "BAV Rundbrief"}
@STRING{bbsag = "BBSAG Bull."}
@STRING{bestarnl = "Be Star Newsl."}
@STRING{bildw = "Bild Wiss."}
@STRING{bipm = "BIPM Circ. T"}
@STRING{boaumkt = "Biul. Obs. Astron. Uniw. M. Kopernika Toruniu"}
@STRING{boe = "Bol. Obs. Ebro"}
@STRING{broa = "Bol. ROA"}
@STRING{blm = "Boundary-Layer Meteorol."}
@STRING{boop = "Boyden Obs., Occas. Publ."}
@STRING{bastac = "Br. Astron. Assoc. Circ."}
@STRING{bjp = "Bulg. J. Phys."}
@STRING{baas = "BAAS"} % "Bull. Am. Astron. Soc."
@STRING{baps = "Bull. Am. Phys. Soc."}
@STRING{bafoev = "Bull. Assoc. Fr. Obs. Etoiles Variables"}
@STRING{bastic = "Bull. Astron. Inst. Czech."}
@STRING{basi = "Bull. Astron. Soc. India"}
@STRING{bain = "Bull. Astron. Inst. Netherlands"}
@STRING{bcao = "Bull. Crimean Astrophys. Obs."}
@STRING{bgsi = "Bull. Geogr. Surv. Inst."}
@STRING{bicds = "Bull. Inf. Cent. Donn\'ees Stellaires"}
@STRING{boab = "Bull. Obs. Astron. Belgr."}
@STRING{crassgvs = "C. R. Acad. Sci., S\'er. G\'en., Vie Sci."}
@STRING{crassii = "C. R. Acad. Sci., II"}
@STRING{cjp = "Can. J. Phys."}
@STRING{cm = "Celest. Mech."}
@STRING{cassos = "Cent. Astron. Sci. Spat., Obs. Sol."}
@STRING{cent = "Centaurus"}
@STRING{cpl = "Chem. Phys. Lett."}
@STRING{chinaa = "Chin. Astron. Astrophys."}
@STRING{chinp = "Chin. Phys."}
@STRING{chinpl = "Chin. Phys. Lett."}
@STRING{ciel = "Ciel"}
@STRING{cielt = "Ciel Terre"}
@STRING{ccotl = "Circ. Czech. Obs. Time Lattiude"}
@STRING{cinf = "Circ. Inf."}
@STRING{ctls = "Circ. Time Latitude Serv."}
@STRING{cqg = "Class. Quantum Grav."}
@STRING{cast = "Comments Astrophys."}
@STRING{cnpp = "Comments Nucl. Part. Phys."}
@STRING{cppcf = "Comments Plasma Phys. Controlled Fusion"}
@STRING{cfsua = "Commun. Fac. Sci. Univ. Ankara, Ser. A2, A3"}
@STRING{cko = "Commun. Konkoly Obs."}
@STRING{cmp = "Commun. Math. Phys."}
@STRING{culo = "Commun. Univ. Lond. Obs."}
@STRING{comp = "Comput. Phys."}
@STRING{compcom = "Comput. Phys. Commun."}
@STRING{cp = "Contemp. Phys."}
@STRING{caosp = "Contrib. Astron. Obs. Skalnat\'e Pleso"}
@STRING{cap = "Contrib. Atmos. Phys."}
@STRING{cdaut = "Contrib. Dep. Astron., Univ. Tokyo"}
@STRING{clo = "Contrib. Lick Obs."}
@STRING{cncopb = "Contrib. Nicholas Copernicus Obs. Planetarium Brno"}
@STRING{cnjro = "Contrib. Nizamiah Japal-Rangapur Obs."}
@STRING{cpp = "Contrib. Plasma Phys."}
@STRING{cvvo = "Contrib. Van Vleck Obs."}
@STRING{cr = "Cosmic Res."}
@STRING{cryo = "Cryogenics"}
@STRING{czjp = "Czech. J. Phys., Sect. B"}
@STRING{drho = "Data Rep. Hydrogr. Obs., Ser. Astron. Geod."}
@STRING{dgkbawb = "Dtsch. Geod. Komm. Bayer. Akad. Wiss., Reihe B"}
@STRING{dgkbawc = "Dtsch. Geod. Komm. Bayer. Akad. Wiss., Reihe C"}
@STRING{dgkbawe = "Dtsch. Geod. Komm. Bayer. Akad. Wiss., Reihe E"}
@STRING{epsl = "Earth Planet. Sci. Lett."}
@STRING{erb = "Earth Rotation Bull."}
@STRING{emp = "Earth, Moon, Planets"}
@STRING{esrev = "Earth--Sci. Rev."}
@STRING{esab = "ESA Bull."}
@STRING{esaiuenl = "ESA IUE Newsl."}
@STRING{esaj = "ESA J."}
@STRING{esoar = "ESO Ann. Rep."}
@STRING{ejp = "Eur. J. Phys."}
@STRING{epl = "Europhys. Lett."}
@STRING{epn = "Europhys. News"}
@STRING{expast = "Exp. Astron."}
@STRING{fiz = "Fizika"}
@STRING{fortp = "Fortschr. Phys."}
@STRING{fp = "Found. Phys."}
@STRING{funcp = "Fundam. Cosmic Phys."}
@STRING{gaab = "G.~A.A.B."}
@STRING{gast = "G. Astron."}
@STRING{gem = "Gemini"}
@STRING{grg = "Gen. Relativ. Gravitation"}
@STRING{gca = "Geochim. Cosmochim. Acta"}
@STRING{ga = "Geomagn. Aehron."}
@STRING{gafd = "Geophys. Astrophys. Fluid Dyn."}
@STRING{gj = "Geophys. J."}
@STRING{grl = "Geophys. Res. Lett."}
@STRING{geo = "Geophysics"}
@STRING{geos = "GEOS Circ."}
@STRING{gbg = "Gerlands Beitr. Geophys."}
@STRING{heav = "Heavens"}
@STRING{hpa = "Helv. Phys. Acta"}
@STRING{hepnp = "High Energ. Phys. Nucl. Phys."}
@STRING{hob = "Hvar Obs. Bull."}
@STRING{hi = "Hyperfine Interact."}
@STRING{iappp = "I.A.P.P.P. Commun."}
@STRING{iauc = "IAU Circ."}
@STRING{iauib = "IAU Inf. Bull."}
@STRING{icarus = "Icarus"}
@STRING{i3etm = "IEEE Trans. Magn."}
@STRING{i3etns = "IEEE Trans. Nucl. Sci."}
@STRING{i3etps = "IEEE Trans. Plasma Sci."}
@STRING{iersbb = "IERS Bull. B"}
@STRING{iersba = "IERS Bull.--A"}
@STRING{ijpap = "Indian J. Pure Appl. Phys."}
@STRING{ijrsp = "Indian J. Radio Space Phys."}
@STRING{ibvs = "Inf. Bull. Variable Stars"}
@STRING{iaatub = "Inst. Astron. Astrophys. Tech. Univ. Berlin, Mitt."}
@STRING{iag = "Inst. Astron. Geod., Univ. Madr., Publ."}
@STRING{ia = "Inst. Astron., Univ. Camb., Annu. Rep."}
@STRING{icq = "Int. Comet Q."}
@STRING{ijimw = "Int. J. Infrared Millimeter Waves"}
@STRING{ijmp = "Int. J. Mod. Phys. A"}
@STRING{ijtp = "Int. J. Theor. Phys."}
@STRING{ip = "Inverse Probl."}
@STRING{iastj = "Ir. Astron. J."}
@STRING{iris = "IRIS Bull. A"}
@STRING{iskz = "Issled. Solntsa Krasnykh Zvezd"}
@STRING{intsa = "Itogi Nauki Tekh., Ser. Astron."}
@STRING{intsppk = "Itogi NAuki Tekh., Ser. Plazmennye Protsessy Kosmose"}
@STRING{iaoe = "Izv. Astron. Obs. Ehngel'gardt."}
@STRING{ikao = "Izv. Krym. Astrofiz. Obs."}
@STRING{ivuzr = "Izv. Vyssch. Uchebn. Zaved., Radiofiz."}
@STRING{jasa = "J. Acoust. Soc. Am."}
@STRING{jaavso = "J. Am. Assoc. Variable Star Obs."}
@STRING{jam = "J. Appl. Meteorol."}
@STRING{jap = "J. Appl. Phys."}
@STRING{jastf = "J. Astron. Fr."}
@STRING{japast = "JA\&A"} % "J. Astrophys. Astron."
@STRING{jas = "J. Atmos. Sci."}
@STRING{jatp = "J. Atmos. Terr. Phys."}
@STRING{jbasta = "J. Br. Astron. Assoc."}
@STRING{jbis = "J. Br. Interplanet. Soc."}
@STRING{jcp = "J. Chem. Phys."}
@STRING{jcomp = "J. Comp. Phys."}
@STRING{jel = "J. Electrostat."}
@STRING{jfseu = "J. Fac Sci., Ege Univ., Ser. A"}
@STRING{jfm = "J. Fluid Mech."}
@STRING{jgr = "J. Geophys. Res."}
@STRING{jhast = "J. Hist. Astron."}
@STRING{jms = "J. Mater. Sci."}
@STRING{jmp = "J. Math. Phys."}
@STRING{jmo = "J. Mod. Opt."}
@STRING{jop = "J. Opt. (Paris)"}
@STRING{josaa = "J. Opt. Soc. Am. A"}
@STRING{josab = "J. Opt. Soc. Am. B"}
@STRING{jp = "J. Phys."}
@STRING{jpa = "J. Phys. A"}
@STRING{jpb = "J. Phys. B"}
@STRING{jpd = "J. Phys. D"}
@STRING{jpe = "J. Phys. E"}
@STRING{jpg = "J. Phys. G"}
@STRING{jpsj = "J. Phys. Soc. Jpn."}
@STRING{jpp = "J. Plasma Phys."}
@STRING{jqsrt = "J. Quant. Spectrosc. Radiat. Transfer"}
@STRING{jrasc = "J. R. Astron. Soc. Can."}
@STRING{jsp = "J. Stat. Phys."}
@STRING{jvst = "J. Vac. Sci. Technol., A"}
@STRING{jetpl = "JETP Lett."}
@STRING{jhatd = "Johns Hopkins APL Tech. Dig."}
@STRING{jjap1 = "Jpn. J. Appl. Phys., Part 1"}
@STRING{jjap2 = "Jpn. J. Appl. Phys., Part 2"}
@STRING{kai = "Kapteyn Astron. Inst., Annu. Rep."}
@STRING{kexto = "Kexue Tongbao"}
@STRING{kfnt = "Kinematika Fiz. Nebesn. Tel"}
@STRING{kob = "Kodaikanal Obs. Bull."}
@STRING{kt = "Komet. Tsirk."}
@STRING{ki = "Kosm. Issled."}
@STRING{koz = "Kozmos"}
@STRING{kpm = "KPM"}
@STRING{lo = "Laser Optoelektron."}
@STRING{latc = "Latitude Circ."}
@STRING{lest = "LEST Found., Annu. Rep."}
@STRING{lmp = "Lett. Math. Phys."}
@STRING{lob = "Lick Obs. Bull."}
@STRING{mg = "Manuscr. Geod."}
@STRING{ml = "Mater. Lett."}
@STRING{mrb = "Mater. Res. Bull."}
@STRING{mfs = "Mem. Fac. Sci., Kyoto Univ., Ser. Phys., Astrophys., Geophys., Chem."}
@STRING{memras = "Mem. R. Astron. Soc."}
@STRING{msai = "Mem. Soc. Astron. Ital."}
@STRING{merc = "Mercury"}
@STRING{mess = "Messenger"}
@STRING{met = "Meteoritics"}
@STRING{metka = "Meteoritika"}
@STRING{metro = "Metrologica"}
@STRING{mpb = "Minor Planet Bull."}
@STRING{mpc = "Minor Planet Circ."}
@STRING{masbt = "Mitt. Archenold--Sternw. Berlin Treptow"}
@STRING{mag = "Mitt. Astron. Ges."}
@STRING{mlotud = "Mitt. Lohrmann--Obs., Tech. Univ. Dresden"}
@STRING{mss = "Mitt. Sternw. Sonneberg"}
@STRING{mvs = "Mitt. Ver{\"a}nderliche Sterne"}
@STRING{mzpe = "Mitt. Zentralinst. Phys. Erde"}
@STRING{mpla = "Mod. Phys. Lett. A"}
@STRING{mnassa = "Mon. Notes Astron. Soc. S. Afr."}
@STRING{nint = "Nablyud. Iskusstv. Nebesn. Tel."}
@STRING{nogb = "Nachr. Olbers--Ges. Bremen"}
@STRING{naoj = "Natl. Astron. Obs. (Jpn.), Repr."}
@STRING{ng = "Natl. Geogr."}
@STRING{nraoa = "Natl. Radio Astron. Obs., Repr., Ser. A"}
@STRING{nraob = "Natl. Radio Astron. Obs., Repr., Ser. B"}
@STRING{natwis = "Naturwissenschaften"}
@STRING{ni = "Nauchn. Inf."}
@STRING{nlasny = "News Lett. Astron. Soc. N.Y."}
@STRING{nrodaour = "Nizamiah Rangapur Obs. Dep. Astron., Osmania Univ., Repr."}
@STRING{nraow = "NRAO Workshop"}
@STRING{nimpra = "Nucl. Instrum. Methods Phys. Res., Sect. A"}
@STRING{nimprb = "Nucl. Instrum. Methods Phys. Res., Sect. B"}
@STRING{npa = "Nucl. Phys. A"}
@STRING{npb = "Nucl. Phys. B, Part. Phys."}
@STRING{nca = "Nuovo Cimento A"}
@STRING{ncb = "Nuovo Cimento B"}
@STRING{ncc = "Nuovo Cimento C"}
@STRING{ot = "Obs. Trav."}
@STRING{obs = "Observatory"}
@STRING{onl = "Occultation Newsl."}
@STRING{ozvp = "{\"O}sterr. Z. Vermessungswes. Photogramm."}
@STRING{oc = "Opt. Commun."}
@STRING{oe = "Opt. Eng."}
@STRING{olt = "Opt. Laser Technol."}
@STRING{ol = "Opt. Lett."}
@STRING{on = "Opt. News"}
@STRING{os = "Opt. Spectrosc."}
@STRING{optik = "Optik"}
@STRING{ofeb = "Origins Life Evol. Biosphere"}
@STRING{orion = "Orion"}
@STRING{orione = "Orione"}
@STRING{oac = "Oss. Astrofis. Catania, Pubbl."}
@STRING{pz = "Perem. Zvezdy"}
@STRING{pb = "Phys. Bl."}
@STRING{pcm = "Phys. Chem. Miner."}
@STRING{pfa = "Phys. Fluids, A"}
@STRING{pfb = "Phys. Fluids, B"}
@STRING{pla = "Phys. Lett. A"}
@STRING{plb = "Phys. Lett. B"}
@STRING{pr = "Phys. Rep."}
@STRING{pra = "Phys. Rev. A"}
@STRING{prb = "Phys. Rev. B"}
@STRING{prc = "Phys. Rev. C"}
@STRING{prl = "Phys. Rev. Lett."}
@STRING{ps = "Phys. Scr."}
@STRING{ptch = "Phys. Teach."}
@STRING{ptod = "Phys. Today"}
@STRING{pha = "Physica A"}
@STRING{phb = "Physica B"}
@STRING{phd = "Physica D"}
@STRING{paz = "Pis'ma Astron. Zh."}
@STRING{pss = "Planet. Space Sci."}
@STRING{ppcf = "Plasma Phys. Controlled Fusion"}
@STRING{pa = "Postepy Astron."}
@STRING{pram = "Pram\~{a}na"}
@STRING{pri = "Priroda"}
@STRING{pasa = "Proc. Astron. Soc. Aust."}
@STRING{pi3e = "Proc. IEEE"}
@STRING{prsl = "Proc. R. Soc. London, Ser. A"}
@STRING{posp = "Proceedings of SPIE"}
@STRING{past = "Prog. Astron."}
@STRING{ptp = "Prog. Theor. Phys."}
@STRING{paicas = "Publ. Astron. Inst. Czech. Acad. Sci."}
@STRING{pasj = "PASJ"} % "Publ. Astron. Soc. Jpn."
@STRING{pasp = "PASP"} % "Publ. Astron. Soc. Pac."
@STRING{pbao = "Publ. Beijing Astron. Obs."}
@STRING{pdaub = "Publ. Dep. Astron., Univ. Beogr."}
@STRING{pdao = "Publ. Dom. Astrophys. Obs."}
@STRING{pnlaoj = "Publ. Natl. Astron. Obs. Jpn."}
@STRING{ppmo = "Publ. Purple Mt. Obs."}
@STRING{psao = "Publ. Shaanxi Astron. Obs."}
@STRING{pscds = "Publ. Sp\'ec. Cent. Donn\'ees Stellaires"}
@STRING{pyo = "Publ. Yunnan Obs."}
@STRING{pag = "Pure Appl. Geophys."}
@STRING{qbsa = "Q. Bull. Sol. Act."}
@STRING{qjras = "QJRAS"} % "Q. J. R. Astron. Soc."
@STRING{rad = "Radiant"}
@STRING{rsci = "Radio Sci."}
@STRING{reche = "Recherche"}
@STRING{rpp = "Rep. Prog. Phys."}
@STRING{ra = "Rev. Astron."}
@STRING{rg = "Rev. Geophys."}
@STRING{rmf = "Rev. Mex. Fis."}
@STRING{rmp = "Rev. Mod. Phys."}
@STRING{rrp = "Rev. Roum. Phys."}
@STRING{rsi = "Rev. Sci. Instrum."}
@STRING{rnc = "Riv. Nuovo Cimento"}
@STRING{rh = "\v{R}\'{\i}\v{s}e hv\v{e}zd"}
@STRING{saaoar = "S. Afr. Astron. Obs., Annu. Rep."}
@STRING{saaoc = "S. Afr. Astron. Obs., Circ."}
@STRING{saaon = "SAAO Newsl."}
@STRING{sciam = "Sci. Am."}
@STRING{scch = "Sci. China, Ser. A"}
@STRING{srtu = "Sci. Rep. T\^{o}hoku Univ., Eighth Ser."}
@STRING{sc = "Sci"} % "Science"
@STRING{sar = "Sendai Astron. Rap."}
@STRING{st = "Sidereal Times"}
@STRING{sky = "Sky Telesc."}
@STRING{sbaavso = "Sol. Bull. (AAVSO)"}
@STRING{se = "Sol. Energy"}
@STRING{sp = "Sol. Phys."}
@STRING{srd = "Sol. Radio Data"}
@STRING{ssres = "Sol. Syst. Res."}
@STRING{sdb = "Soln. Dannye, Byull."}
@STRING{sonne = "Sonne"}
@STRING{sbo = "Soobshch. Byurak. Obs."}
@STRING{ssao = "Soobshch. Spets. Astrofiz. Obs."}
@STRING{sost = "South. Stars"}
@STRING{sa = "SvA"} % "Sov. Astron."
@STRING{sal = "SvA"} % "Sov. Astron. Lett."
@STRING{sjot = "Sov. J. Opt. Technol."}
@STRING{spd = "Sov. Phys. -- Dokl."}
@STRING{spj = "Sov. Phys. -- JETP"}
@STRING{spu = "Sov. Phys. -- Usp."}
@STRING{space = "Space"}
@STRING{ssr = "Space Sci. Rev."}
@STRING{stsi = "Space Telesc. Sci. Inst., Newsl."}
@STRING{sf = "Spaceflight"}
@STRING{sterne = "Sterne"}
@STRING{sw = "Sterne Weltraum"}
@STRING{sb = "Sternenbote"}
@STRING{strlast = "Strolling Astron."}
@STRING{sgg = "Stud. Geophys. Geod."}
@STRING{taot = "Tartu Astrof{\"u}{\"u}s. Obs. Teated"}
@STRING{tect = "Tectonophysics"}
@STRING{tellus = "Tellus, Ser. A"}
@STRING{tmf = "Teor. Mat. Fiz."}
@STRING{tp = "Theor. Pap."}
@STRING{tsb = "Time Serv. Bull."}
@STRING{tmnr = "Tokyo Meteor Network Rep."}
@STRING{tai = "Tsirk. Astron. Inst. (Tashkent)"}
@STRING{ufz = "Ukr. Fiz. Zh."}
@STRING{ucla = "Universe Classroom"}
@STRING{uao = "Upps. Astron. Obs., Rep."}
@STRING{urania = "Urania"}
@STRING{usnoc = "U.S. Nav. Obs., Circ."}
@STRING{usnos4 = "U.S. Nav. Obs., Ser. 4"}
@STRING{ufn = "Usp. Fiz. Nauk"}
@STRING{vsb = "Variable Star Bull."}
@STRING{vasiona = "Vasiona"}
@STRING{varih = "Ver{\"o}ff. Astron. Rechen--Inst. Heidelb."}
@STRING{vzpe = "Ver{\"o}ff. Zentralinst. Phys. Erde"}
@STRING{vesmir = "Vesm\'{\i}r"}
@STRING{vansssr = "Vestn. Akad. Nauk SSSR"}
@STRING{vku = "Vestn. Kiev. Univ., Astron."}
@STRING{va = "Vistas Astron."}
@STRING{wgn = "WGN"}
@STRING{wztud = "Wiss. Z. Tech. Univ. Dresden"}
@STRING{yama = "Yamamoto Circ."}
@STRING{zap = "Z. Astrophys."}
@STRING{zamp = "Z. Angew. Math. Phys."}
@STRING{zna = "Z. Naturforsch., A"}
@STRING{zpa = "Z. Phys., A"}
@STRING{zpc = "Z. Phys., C"}
@STRING{zv = "Zemlya Vselennaya"}
@STRING{zenit = "Zenit"}
@STRING{zetf = "Zh. Ehksp. Teor. Fiz."}

% my refs
@ARTICLE{HewishBell:1968,
   author = {{Hewish {\it et al}}, A.},
    title = "{Observation of a Rapidly Pulsating Radio Source}",
  journal = nat,
     year = 1968,
   volume = 217,
    pages = {709-+},
   adsurl =
{http://ukads.nottingham.ac.uk/cgi-bin/nph-bib_query?bibcode=1968Natur.217..709H&db_key=AST},
  adsnote = {Provided by the Smithsonian/NASA Astrophysics Data System}
}

@misc{TEMPO,
	title = "{\url{http://pulsar.princeton.edu/tempo/}}"
}

@misc{JPLEphemeris,
	title = "{\url{http://ssd.jpl.nasa.gov/horizons.html}}"
}

@misc{Times,
	title = "{\url{http://www.stjarnhimlen.se/comp/time.html}}"
}

@misc{Kramer:2004,
	author = {{Kramer}, M.},
	title = "{private communication}",
	year = 2004
}

@misc{Romano:2005,
	author = {{Romano}, J.},
	title = "{private communication}",
	year = 2005
}

@misc{Szabi,
	author = {{Marka}, S. and {Kalmus}, P.},
	title = "{private communication}",
	year = 2005
}

@ARTICLE{Benhar:2005,
    author = {{Benhar}, O.},
    title = "{Neutron Star Matter Equation of State and Gravitational Wave Emission}",
  journal = mpla,
     year = 2005,
   volume = 20,
    pages = {2335-2349},
      doi = {10.1142/S0217732305018335},
   adsurl =
{http://ukads.nottingham.ac.uk/cgi-bin/nph-bib_query?bibcode=2005MPLA...20.2335B&db_key=PHY},
  adsnote = {Provided by the Smithsonian/NASA Astrophysics Data System}
}

@misc{LALapps,
	title = "{\url{http://www.lsc-group.phys.uwm.edu/daswg/projects/lalapps.html}}"
}

@misc{LIGOtools,
	title = "{\url{http://www.ldas-sw.ligo.caltech.edu/ligotools/}}"
}

@misc{LAL,
	title = "{\url{http://www.lsc-group.phys.uwm.edu/daswg/projects/lal.html}}"
}

@misc{LIGOsensitivity,
	title = "{\url{http://www.ligo.caltech.edu/~lazz/distribution/LSC_Data/}}"
}

@misc{GEOsensitivity,
	title = "{\url{http://www.aei.mpg.de/~jrsmith/geocurves.html}}"
}

@misc{ATNF,
	title = "{Australia Telescope National Facility Pulsar Catalogue \\
\url{http://www.atnf.csiro.au/research/pulsar/psrcat/}}"
}

@misc{LALDocRing,
	title = "{LAL Software Documentation, Chapter 18: Package {\tt ring}, \\
\url{http://www.lsc-group.phys.uwm.edu/daswg/projects/lal/docs/lsd-4.0.pdf}}"
}

@phdthesis{Dupuis:2004,
	author = {{Dupuis}, R.~J.},
	title = "{Bayesian searches for gravitational waves from pulsars}",
	year = 2004,
	school = "{University of Glasgow}" 
}

@phdthesis{Hereld:1983,
	author = {{Hereld}, M.},
	title = "{A search for gravitational radiation from PSR 1937+2134}",
	year = 1983,
	month = June,
	school = "{California Institute of Technology}"
}

@article{Lorimer:2001,
	author = {{Lorimer}, D.~R.},
	title = "{Binary and Millisecond Pulsars at the New Millenium}",
	year = 2001,
	volume = 4,
	journal = "{Living Rev. Relativity}",
	number = 5,
	note = "(cited on 25/11/05) \\ {\url{http://www.livingreviews.org/lrr-2001-5}}"
}

@article{Kokkotas:1999,
	author = {{Kokkotas}, K.~D. and {Schmidt}, B.},
	title = "{Quasi-Normal Modes of Stars and Black Holes}",
	year = 1999,
	volume = 2,
	journal = "{Living Rev. Relativity}",
	number = 2,
	note = "(cited on 25/11/05) \\ {\url{http://www.livingreviews.org/lrr-1999-2}}"
}

@ARTICLE{Abbott:2004,
   author = {{Abbott {{\it et al}}}, B.},
    title = "{Setting upper limits on the strength of periodic gravitational waves from PSR
J1939+2134 using the first science data from the GEO 600 and LIGO detectors}",
  journal = prd,
     year = 2004,
    month = apr,
   volume = 69,
   number = 8,
    pages = {082004-+},
      doi = {10.1103/PhysRevD.69.082004},
   adsurl =
{http://ukads.nottingham.ac.uk/cgi-bin/nph-bib_query?bibcode=2004PhRvD..69h2004A&db_key=AST},
  adsnote = {Provided by the Smithsonian/NASA Astrophysics Data System}
}
@ARTICLE{Palomba:2000,
   author = {{Palomba}, C.},
    title = "{Pulsars ellipticity revised}",
  journal = aap,
     year = 2000,
    month = feb,
   volume = 354,
    pages = {163-168},
   adsurl =
{http://ukads.nottingham.ac.uk/cgi-bin/nph-bib_query?bibcode=2000A%26A...354..163P&db_key=AST},
  adsnote = {Provided by the Smithsonian/NASA Astrophysics Data System}
}

@ARTICLE{Marshall:2004,
   author = {{Marshall {\it et al}}, F.~E.},
    title = "{The Big Glitcher: The Rotation History of PSR J0537-6910}",
  journal = apj,
     year = 2004,
    month = mar,
   volume = 603,
    pages = {682-689},
      doi = {10.1086/381567},
   adsurl =
{http://ukads.nottingham.ac.uk/cgi-bin/nph-bib_query?bibcode=2004ApJ...603..682M&db_key=AST},
  adsnote = {Provided by the Smithsonian/NASA Astrophysics Data System}
}

@ARTICLE{JKS:1998,
    author = {{Jaranowski}, P. and {Kr{\' o}lak}, A. and {Schutz}, B.~F.},
    title = "{Data analysis of gravitational-wave signals from spinning neutron stars: The signal
and its detection}",
    journal = prd,
    year = 1998,
    month = sep,
    volume = 58,
    pages = {63001-+},
    adsurl =
{http://adsabs.harvard.edu/cgi-bin/nph-bib_query?bibcode=1998PhRvD..58f3001J&db_key=AST},
    adsnote = {Provided by the NASA Astrophysics Data System}
}

@ARTICLE{Pandharipande:1976,
   author = {{Pandharipande}, V.~R. and {Pines}, D. and {Smith}, R.~A.},
    title = "{Neutron star structure : theory observation, and speculation.}",
  journal = apj,
     year = 1976,
    month = sep,
   volume = 208,
    pages = {550-566},
   adsurl =
{http://ukads.nottingham.ac.uk/cgi-bin/nph-bib_query?bibcode=1976ApJ...208..550P&db_key=AST},
  adsnote = {Provided by the Smithsonian/NASA Astrophysics Data System}
}

@ARTICLE{JonesAndersson:2002,
   author = {{Jones}, D.~I. and {Andersson}, N.},
    title = "{Gravitational waves from freely precessing neutron stars}",
  journal = mnras,
     year = 2002,
    month = mar,
   volume = 331,
    pages = {203-220},
      doi = {10.1046/j.1365-8711.2002.05180.x},
   adsurl =
{http://ukads.nottingham.ac.uk/cgi-bin/nph-bib_query?bibcode=2002MNRAS.331..203J&db_key=AST},
  adsnote = {Provided by the Smithsonian/NASA Astrophysics Data System}
}

@ARTICLE{Hirakawa:1978,
   author = {{Hirakawa}, H. and {Tsubono}, K. and {Fujimoto}, M.-K.},
    title = "{Search for gravitational radiation from the Crab pulsar}",
  journal = prd,
     year = 1978,
    month = apr,
   volume = 17,
    pages = {1919-1923},
   adsurl =
{http://ukads.nottingham.ac.uk/cgi-bin/nph-bib_query?bibcode=1978PhRvD..17.1919H&db_key=AST},
  adsnote = {Provided by the Smithsonian/NASA Astrophysics Data System}
}

@INPROCEEDINGS{Suzuki:1995,
   author = {{Suzuki}, T.},
    title = "{Search for Continuous Gravitational Wave from Pulsars with Resonant Detector}",
booktitle = {First Edoardo Amaldi Conference on Gravitational Wave Experiments},
     year = 1995,
    pages = {115-+},
   adsurl =
{http://ukads.nottingham.ac.uk/cgi-bin/nph-bib_query?bibcode=1995gwe..conf..115S&db_key=AST},
  adsnote = {Provided by the Smithsonian/NASA Astrophysics Data System}
}

@ARTICLE{Abbott:2005,
   author = {{Abbott {\it et al}}, B.},
    title = "{Limits on Gravitational-Wave Emission from Selected Pulsars Using LIGO Data}",
  journal = prl,
     year = 2005,
    month = may,
   volume = 94,
   number = 18,
    pages = {181103-+},
      doi = {10.1103/PhysRevLett.94.181103},
   adsurl =
{http://ukads.nottingham.ac.uk/cgi-bin/nph-bib_query?bibcode=2005PhRvL..94r1103A&db_key=AST},
  adsnote = {Provided by the Smithsonian/NASA Astrophysics Data System}
}

@ARTICLE{CordesHelfand:1980,
    author = {{Cordes}, J.~M. and {Helfand}, D.~J.},
    title = "{Pulsar timing. III - Timing noise of 50 pulsars}",
    journal = apj,
    year = 1980,
    month = jul,
    volume = 239,
    pages = {640-650},
    adsurl =
{http://adsabs.harvard.edu/cgi-bin/nph-bib_query?bibcode=1980ApJ...239..640C&db_key=AST},
    adsnote = {Provided by the NASA Astrophysics Data System}
}

@ARTICLE{Arzoumanian:1994,
    author = {{Arzoumanian {\it et al}}, Z.},
    title = "{Timing behavior of 96 radio pulsars}",
    journal = apj,
    year = 1994,
    month = feb,
    volume = 422,
    pages = {671-680},
    adsurl =
{http://adsabs.harvard.edu/cgi-bin/nph-bib_query?bibcode=1994ApJ...422..671A&db_key=AST},
    adsnote = {Provided by the NASA Astrophysics Data System}
}

@ARTICLE{Jones:2004,
   author = {{Jones}, D.~I.},
    title = "{Is timing noise important in the gravitational wave detection of neutron stars?}",
  journal = prd,
     year = 2004,
    month = aug,
   volume = 70,
   number = 4,
    pages = {042002-+},
      doi = {10.1103/PhysRevD.70.042002},
   adsurl =
{http://ukads.nottingham.ac.uk/cgi-bin/nph-bib_query?bibcode=2004PhRvD..70d2002J&db_key=AST},
  adsnote = {Provided by the Smithsonian/NASA Astrophysics Data System}
}

@ARTICLE{CordesGreenstein:1981,
   author = {{Cordes}, J.~M. and {Greenstein}, G.},
    title = "{Pulsar timing. IV - Physical models for timing noise processes}",
  journal = apj,
     year = 1981,
    month = may,
   volume = 245,
    pages = {1060-1079},
      doi = {10.1086/158883},
   adsurl =
{http://ukads.nottingham.ac.uk/cgi-bin/nph-bib_query?bibcode=1981ApJ...245.1060C&db_key=AST},
  adsnote = {Provided by the Smithsonian/NASA Astrophysics Data System}
}

@ARTICLE{Lyne:1993,
    author = {{Lyne}, A.~G. and {Pritchard}, R.~S. and {Graham-Smith}, F.},
    title = "{Twenty-Three Years of Crab Pulsar Rotational History}",
    journal = mnras,
    year = 1993,
    month = dec,
    volume = 265,
    pages = {1003-+},
    adsurl =
{http://adsabs.harvard.edu/cgi-bin/nph-bib_query?bibcode=1993MNRAS.265.1003L&db_key=AST},
    adsnote = {Provided by the NASA Astrophysics Data System}
}

@ARTICLE{Wong:2001,
    author = {{Wong}, T. and {Backer}, D.~C. and {Lyne}, A.~G.},
    title = "{Observations of a Series of Six Recent Glitches in the Crab Pulsar}",
    journal = apj,
    year = 2001,
    month = feb,
    volume = 548,
    pages = {447-459},
    adsurl =
{http://adsabs.harvard.edu/cgi-bin/nph-bib_query?bibcode=2001ApJ...548..447W&db_key=AST},
    adsnote = {Provided by the NASA Astrophysics Data System}
}

@misc{CrabEphemeris,
	title = "{Jodrell Bank Crab Pulsar Monthly Ephemeris \\
\url{http://www.jb.man.ac.uk/~pulsar/crab.html}}"
}

@ARTICLE{Krishnan:2004,
   author = {{Krishnan {\it et al}}, B.},
    title = "{Hough transform search for continuous gravitational waves}",
  journal = prd,
     year = 2004,
    month = oct,
   volume = 70,
   number = 8,
    pages = {082001-+},
      doi = {10.1103/PhysRevD.70.082001},
   adsurl =
{http://ukads.nottingham.ac.uk/cgi-bin/nph-bib_query?bibcode=2004PhRvD..70h2001K&db_key=AST},
  adsnote = {Provided by the Smithsonian/NASA Astrophysics Data System}
}

@ARTICLE{BradyCreighton:2000,
   author = {{Brady}, P.~R. and {Creighton}, T.},
    title = "{Searching for periodic sources with LIGO. II. Hierarchical searches}",
  journal = prd,
     year = 2000,
    month = apr,
   volume = 61,
   number = 8,
    pages = {082001-+},
   adsurl =
{http://ukads.nottingham.ac.uk/cgi-bin/nph-bib_query?bibcode=2000PhRvD..61h2001B&db_key=AST},
  adsnote = {Provided by the Smithsonian/NASA Astrophysics Data System}
}

@ARTICLE{Lyne:1988,
   author = {{Lyne}, A.~G. and {Pritchard}, R.~S. and {Smith}, F.~G.},
    title = "{Crab pulsar timing 1982-87}",
  journal = mnras,
     year = 1988,
    month = aug,
   volume = 233,
    pages = {667-676},
   adsurl =
{http://ukads.nottingham.ac.uk/cgi-bin/nph-bib_query?bibcode=1988MNRAS.233..667L&db_key=AST},
  adsnote = {Provided by the Smithsonian/NASA Astrophysics Data System}
}

@ARTICLE{PitkinWoan:2004,
   author = {{Pitkin}, M. and {Woan}, G.},
    title = "{Searching for gravitational waves from the Crab pulsar - the problem of timing
noise}",
  journal = cqg,
     year = 2004,
    month = mar,
   volume = 21,
    pages = {843-+},
      doi = {10.1088/0264-9381/21/5/069},
   adsurl =
{http://ukads.nottingham.ac.uk/cgi-bin/nph-bib_query?bibcode=2004CQGra..21S.843P&db_key=PHY},
  adsnote = {Provided by the Smithsonian/NASA Astrophysics Data System}
}

@book{Bretthorst:1988,
	author = {{Bretthorst}, G. Larry},
	title = "{Bayesian Spectrum Analysis and Parameter Estimation}",
	series = "{Lecture Notes in Statistics}",
	year = 1988,
	publisher = {Spinger-Verlag},
	address = {Berlin Heidleberg},
	editor = {{Berger}, J. and {Fienberg}, S. and {Gani}, J. and {Krickeberg}, K. and {Singer}, B.}
}

@book{PulsarAstronomy,
	author = {{Lyne}, A.~G. and {Graham-Smith}, F.},
	title = "{Pulsar Astronomy}",
	series = "{Cambridge Astrophysics Series}",
	edition = 2,
	publisher = {Cambridge University Press},
	address = {Cambridge},
	year = 1998,
	editor = {{King}, A. and {Lin}, D. and {Maran}, S. and {Pringle}, J. and {Ward}, M.}
}

@ARTICLE{Andersson:1999,
   author = {{Andersson}, N. and {Kokkotas}, K.~D. and {Stergioulas}, N.},
    title = "{On the Relevance of the R-Mode Instability for Accreting Neutron Stars and White
Dwarfs}",
  journal = apj,
     year = 1999,
    month = may,
   volume = 516,
    pages = {307-314},
      doi = {10.1086/307082},
   adsurl =
{http://ukads.nottingham.ac.uk/cgi-bin/nph-bib_query?bibcode=1999ApJ...516..307A&db_key=AST},
  adsnote = {Provided by the Smithsonian/NASA Astrophysics Data System}
}

@ARTICLE{HulseTaylor:1975,
   author = {{Hulse}, R.~A. and {Taylor}, J.~H.},
    title = "{Discovery of a pulsar in a binary system}",
  journal = apjl,
     year = 1975,
    month = jan,
   volume = 195,
    pages = {L51-L53},
   adsurl =
{http://ukads.nottingham.ac.uk/cgi-bin/nph-bib_query?bibcode=1975ApJ...195L..51H&db_key=AST},
  adsnote = {Provided by the Smithsonian/NASA Astrophysics Data System}
}

@ARTICLE{TaylorWeisberg:1989,
   author = {{Taylor}, J.~H. and {Weisberg}, J.~M.},
    title = "{Further experimental tests of relativistic gravity using the binary pulsar PSR
1913+16}",
  journal = apj,
     year = 1989,
    month = oct,
   volume = 345,
    pages = {434-450},
      doi = {10.1086/167917},
   adsurl =
{http://ukads.nottingham.ac.uk/cgi-bin/nph-bib_query?bibcode=1989ApJ...345..434T&db_key=AST},
  adsnote = {Provided by the Smithsonian/NASA Astrophysics Data System}
}

@ARTICLE{BlandfordTeukolsky:1976,
   author = {{Blandford}, R. and {Teukolsky}, S.~A.},
    title = "{Arrival-time analysis for a pulsar in a binary system.}",
  journal = apj,
     year = 1976,
    month = apr,
   volume = 205,
    pages = {580-591},
   adsurl =
{http://ukads.nottingham.ac.uk/cgi-bin/nph-bib_query?bibcode=1976ApJ...205..580B&db_key=AST},
  adsnote = {Provided by the Smithsonian/NASA Astrophysics Data System}
}

@ARTICLE{DhurandharVecchio:2001,
   author = {{Dhurandhar}, S.~V. and {Vecchio}, A.},
    title = "{Searching for continuous gravitational wave sources in binary systems}",
  journal = prd,
     year = 2001,
    month = jun,
   volume = 63,
   number = 12,
    pages = {122001-+},
   adsurl =
{http://ukads.nottingham.ac.uk/cgi-bin/nph-bib_query?bibcode=2001PhRvD..63l2001D&db_key=AST},
  adsnote = {Provided by the Smithsonian/NASA Astrophysics Data System}
}

@ARTICLE{Lange:2001,
   author = {{Lange {\it et al}}, C.},
    title = "{Precision timing measurements of PSR J1012+5307}",
  journal = mnras,
     year = 2001,
    month = sep,
   volume = 326,
    pages = {274-282},
      doi = {10.1046/j.1365-8711.2001.04606.x},
   adsurl =
{http://ukads.nottingham.ac.uk/cgi-bin/nph-bib_query?bibcode=2001MNRAS.326..274L&db_key=AST},
  adsnote = {Provided by the Smithsonian/NASA Astrophysics Data System}
}

@article{DamourDeruelle:1986,
	author = {{Damour}, T. and {Deruelle}, N.},
	title = "{General relativistic celestial mechanics of binary systems II. The post-Newtonian
timing formula}",
	journal = "Ann. Inst. Henri Poincar\'e A Phys. Th\'eor.",
	year = 1986,
	volume = 44,
	pages = {263-292}
}

@ARTICLE{Wolszczan:2000,
   author = {{Wolszczan {\it et al}}, A.},
    title = "{Timing Observations of Four Millisecond Pulsars with the Arecibo and Effelsberg Radio
Telescopes}",
  journal = apj,
     year = 2000,
    month = jan,
   volume = 528,
    pages = {907-912},
      doi = {10.1086/308206},
   adsurl =
{http://ukads.nottingham.ac.uk/cgi-bin/nph-bib_query?bibcode=2000ApJ...528..907W&db_key=AST},
  adsnote = {Provided by the Smithsonian/NASA Astrophysics Data System}
}

@ARTICLE{MelatosPayne:2005,
   author = {{Melatos}, A. and {Payne}, D.~J.~B.},
    title = "{Gravitational Radiation from an Accreting Millisecond Pulsar with a Magnetically
Confined Mountain}",
  journal = apj,
     year = 2005,
    month = apr,
   volume = 623,
    pages = {1044-1050},
      doi = {10.1086/428600},
   adsurl =
{http://adsabs.harvard.edu/cgi-bin/nph-bib_query?bibcode=2005ApJ...623.1044M&db_key=AST},
  adsnote = {Provided by the Smithsonian/NASA Astrophysics Data System}
}

@ARTICLE{Hough:1983,
   author = {{Hough {\it et al}}, J.},
    title = "{Direct observational upper limit to gravitational radiation from millisecond pulsar
PSR1937+214}",
  journal = nat,
     year = 1983,
    month = may,
   volume = 303,
    pages = {216-+},
   adsurl =
{http://adsabs.harvard.edu/cgi-bin/nph-bib_query?bibcode=1983Natur.303..216H&db_key=AST},
  adsnote = {Provided by the Smithsonian/NASA Astrophysics Data System}
}

@techreport{CalibrationDoc,
	author = {{Adhikari {\it et al}}, R.},
	title = "{Calibration of the LIGO detectors for the First LIGO Scientific Run}",
	number = T030097-00-D,
	type = {LIGO Technical Document},
	year = 2003
}

@ARTICLE{Hewitson:2003,
   author = {{Hewitson {\it et al}}, M.},
    title = "{Calibration of GEO 600 for the S1 science run}",
  journal = cqg,
     year = 2003,
    month = sep,
   volume = 20,
    pages = {885-+},
      doi = {10.1088/0264-9381/20/17/330},
   adsurl =
{http://ukads.nottingham.ac.uk/cgi-bin/nph-bib_query?bibcode=2003CQGra..20S.885H&db_key=PHY},
  adsnote = {Provided by the Smithsonian/NASA Astrophysics Data System}
}

@ARTICLE{Ransom:2005,
   author = {{Ransom {\it et al}}, S.~M.},
    title = "{Twenty-One Millisecond Pulsars in Terzan 5 Using the Green Bank Telescope}",
  journal = {Science},
     year = 2005,
    month = feb,
   volume = 307,
    pages = {892-896},
      doi = {10.1126/science.1108632},
   adsurl =
{http://ukads.nottingham.ac.uk/cgi-bin/nph-bib_query?bibcode=2005Sci...307..892R&db_key=AST},
  adsnote = {Provided by the Smithsonian/NASA Astrophysics Data System}
}

@ARTICLE{Thorsett:1999,
   author = {{Thorsett}, S.~E. and {Chakrabarty}, D.},
    title = "{Neutron Star Mass Measurements. I. Radio Pulsars}",
  journal = apj,
     year = 1999,
    month = feb,
   volume = 512,
    pages = {288-299},
      doi = {10.1086/306742},
   adsurl =
{http://ukads.nottingham.ac.uk/cgi-bin/nph-bib_query?bibcode=1999ApJ...512..288T&db_key=AST},
  adsnote = {Provided by the Smithsonian/NASA Astrophysics Data System}
}

@ARTICLE{Bejger:2003,
   author = {{Bejger}, M. and {Haensel}, P.},
    title = "{Accelerated expansion of the Crab Nebula and evaluation  of its neutron-star
parameters}",
  journal = aap,
     year = 2003,
    month = jul,
   volume = 405,
    pages = {747-751},
   adsurl =
{http://ukads.nottingham.ac.uk/cgi-bin/nph-bib_query?bibcode=2003A%26A...405..747B&amp;db_key=AST},
  adsnote = {Provided by the NASA Astrophysics Data System}
}

@ARTICLE{Bejger:2002,
   author = {{Bejger}, M. and {Haensel}, P.},
    title = "{Moments of inertia for neutron and strange stars: Limits derived for the Crab
pulsar}",
  journal = aap,
     year = 2002,
    month = dec,
   volume = 396,
    pages = {917-921},
   adsurl =
{http://ukads.nottingham.ac.uk/cgi-bin/nph-bib_query?bibcode=2002A%26A...396..917B&amp;db_key=AST},
  adsnote = {Provided by the NASA Astrophysics Data System}
}

@ARTICLE{Owen:2005,
    author = {{Owen}, B.~J.},
    title = "{Maximum elastic deformations of compact stars with exotic equations of state}",
    journal = prl,
    eprint = {arXiv:astro-ph/0503399},
    year = 2005,
    volume = 95,
		pages = {211101},
   adsurl =
{http://ukads.nottingham.ac.uk/cgi-bin/nph-bib_query?bibcode=2005astro.ph..3399O&db_key=PRE},
  adsnote = {Provided by the Smithsonian/NASA Astrophysics Data System}
}

@ARTICLE{Frail:1990,
   author = {{Frail}, D.~A. and {Weisberg}, J.~M.},
    title = "{A critical evaluation of pulsar distance measurements}",
  journal = aj,
     year = 1990,
    month = sep,
   volume = 100,
    pages = {743-757},
      doi = {10.1086/115556},
   adsurl =
{http://ukads.nottingham.ac.uk/cgi-bin/nph-bib_query?bibcode=1990AJ....100..743F&db_key=AST},
  adsnote = {Provided by the Smithsonian/NASA Astrophysics Data System}
}

@ARTICLE{TaylorCordes:1993,
   author = {{Taylor}, J.~H. and {Cordes}, J.~M.},
    title = "{Pulsar distances and the galactic distribution of free electrons}",
  journal = apj,
     year = 1993,
    month = jul,
   volume = 411,
    pages = {674-684},
      doi = {10.1086/172870},
   adsurl =
{http://ukads.nottingham.ac.uk/cgi-bin/nph-bib_query?bibcode=1993ApJ...411..674T&db_key=AST},
  adsnote = {Provided by the Smithsonian/NASA Astrophysics Data System}
}

@ARTICLE{Zimmermann:1978,
    author = {{Zimmermann}, M.},
    title = "{Revised estimate of gravitational radiation from Crab and Vela pulsars}",
    journal = nat,
    year = 1978,
    month = feb,
    volume = 271,
    pages = {524-+},
    adsurl =
{http://adsabs.harvard.edu/cgi-bin/nph-bib_query?bibcode=1978Natur.271..524Z&db_key=AST},
    adsnote = {Provided by the NASA Astrophysics Data System}
}

@ARTICLE{Nice:2005,
   author = {{Nice {\it et al}}, D.~J.},
    title = "{A 2.1 Solar Mass Pulsar Measured by Relativistic Orbital Decay}",
  journal = apj,
     year = 2005,
    month = dec,
   volume = 634,
    pages = {1242-1249},
      doi = {10.1086/497109},
   adsurl =
{http://ukads.nottingham.ac.uk/cgi-bin/nph-bib_query?bibcode=2005ApJ...634.1242N&db_key=AST},
  adsnote = {Provided by the Smithsonian/NASA Astrophysics Data System}
}

@ARTICLE{Lattimer:2001,
   author = {{Lattimer}, J.~M. and {Prakash}, M.},
    title = "{Neutron Star Structure and the Equation of State}",
  journal = apj,
     year = 2001,
    month = mar,
   volume = 550,
    pages = {426-442},
      doi = {10.1086/319702},
   adsurl =
{http://ukads.nottingham.ac.uk/cgi-bin/nph-bib_query?bibcode=2001ApJ...550..426L&db_key=AST},
  adsnote = {Provided by the Smithsonian/NASA Astrophysics Data System}
}

@ARTICLE{Shklovskii:1970,
   author = {{Shklovskii}, I.~S.},
    title = "{Possible Causes of the Secular Increase in Pulsar Periods.}",
  journal = {Soviet Astronomy},
     year = 1970,
    month = feb,
   volume = 13,
    pages = {562-+},
   adsurl =
{http://ukads.nottingham.ac.uk/cgi-bin/nph-bib_query?bibcode=1970SvA....13..562S&db_key=AST},
  adsnote = {Provided by the Smithsonian/NASA Astrophysics Data System}
}

@ARTICLE{Manchester:2005,
   author = {{Manchester {\it et al}}, R.~N.},
    title = "{The Australia Telescope National Facility Pulsar Catalogue}",
  journal = aj,
     year = 2005,
    month = apr,
   volume = 129,
    pages = {1993-2006},
      doi = {10.1086/428488},
   adsurl =
{http://ukads.nottingham.ac.uk/cgi-bin/nph-bib_query?bibcode=2005AJ....129.1993M&db_key=AST},
  adsnote = {Provided by the Smithsonian/NASA Astrophysics Data System}
}

@ARTICLE{Weiland:2004,
   author = {{Weiland {\it et al}}, U.},
    title = "{Hardware injection of simulated continuous gravitational wave signals for GEO 600}",
  journal = cqg,
     year = 2004,
    month = mar,
   volume = 21,
    pages = {861-+},
      doi = {10.1088/0264-9381/21/5/073},
   adsurl =
{http://ukads.nottingham.ac.uk/cgi-bin/nph-bib_query?bibcode=2004CQGra..21S.861W&db_key=PHY},
  adsnote = {Provided by the Smithsonian/NASA Astrophysics Data System}
}

@ARTICLE{Bejger:2005,
   author = {{Bejger}, M. and {Bulik}, T. and {Haensel}, P.},
    title = "{Constraints on the dense matter equation of state from the measurements of PSR
J0737-3039A moment of inertia and PSR J0751+1807 mass}",
  journal = mnras,
     year = 2005,
    month = dec,
   volume = 364,
    pages = {635-639},
      doi = {10.1111/j.1365-2966.2005.09575.x},
   adsurl =
{http://ukads.nottingham.ac.uk/cgi-bin/nph-bib_query?bibcode=2005MNRAS.364..635B&db_key=AST},
  adsnote = {Provided by the Smithsonian/NASA Astrophysics Data System}
}

@ARTICLE{AnderssonKokkotas:2005,
   author = {{Andersson}, N. and {Kokkotas}, K.~D.},
    title = "{Gravitational Wave Astronomy: The High Frequency Window}",
  journal = {LNP Vol.~653: The Physics of the Early Universe},
     year = 2005,
   volume = 653,
    pages = {255-+},
   adsurl =
{http://ukads.nottingham.ac.uk/cgi-bin/nph-bib_query?bibcode=2005LNP...653..255A&db_key=AST},
  adsnote = {Provided by the Smithsonian/NASA Astrophysics Data System}
}

@ARTICLE{Abbott2:2004,
   author = {{Abbott {\it et al}}, B.},
    title = "{Analysis of LIGO data for gravitational waves from binary neutron stars}",
  journal = prd,
     year = 2004,
    month = jun,
   volume = 69,
   number = 12,
    pages = {122001-+},
      doi = {10.1103/PhysRevD.69.122001},
   adsurl =
{http://ukads.nottingham.ac.uk/cgi-bin/nph-bib_query?bibcode=2004PhRvD..69l2001A&db_key=AST},
  adsnote = {Provided by the Smithsonian/NASA Astrophysics Data System}
}

@ARTICLE{Kokkotas:2001,
   author = {{Kokkotas}, K.~D. and {Apostolatos}, T.~A. and {Andersson}, N.
	},
    title = "{The inverse problem for pulsating neutron stars: a `fingerprint analysis' for the
supranuclear equation of state}",
  journal = mnras,
     year = 2001,
    month = jan,
   volume = 320,
    pages = {307-315},
      doi = {10.1046/j.1365-8711.2001.03945.x},
   adsurl =
{http://ukads.nottingham.ac.uk/cgi-bin/nph-bib_query?bibcode=2001MNRAS.320..307K&db_key=AST},
  adsnote = {Provided by the Smithsonian/NASA Astrophysics Data System}
}

@ARTICLE{AnderssonKokkotas:1998,
   author = {{Andersson}, N. and {Kokkotas}, K.~D.},
    title = "{Towards gravitational wave asteroseismology}",
  journal = mnras,
     year = 1998,
    month = oct,
   volume = 299,
    pages = {1059-1068},
   adsurl =
{http://ukads.nottingham.ac.uk/cgi-bin/nph-bib_query?bibcode=1998MNRAS.299.1059A&db_key=AST},
  adsnote = {Provided by the Smithsonian/NASA Astrophysics Data System}
}

@ARTICLE{Sathyaprakash:1994,
   author = {{Sathyaprakash}, B.~S.},
    title = "{Filtering post-Newtonian gravitational waves from coalescing binaries}",
  journal = prd,
     year = 1994,
    month = dec,
   volume = 50,
    pages = {7111-+},
   adsurl =
{http://ukads.nottingham.ac.uk/cgi-bin/nph-bib_query?bibcode=1994PhRvD..50.7111S&db_key=AST},
  adsnote = {Provided by the Smithsonian/NASA Astrophysics Data System}
}

@ARTICLE{Owen:1996,
   author = {{Owen}, B.~J.},
    title = "{Search templates for gravitational waves from inspiraling binaries: Choice of template
spacing}",
  journal = prd,
     year = 1996,
    month = jun,
   volume = 53,
    pages = {6749-6761},
   adsurl =
{http://ukads.nottingham.ac.uk/cgi-bin/nph-bib_query?bibcode=1996PhRvD..53.6749O&db_key=AST},
  adsnote = {Provided by the Smithsonian/NASA Astrophysics Data System}
}

@ARTICLE{Creighton:1999,
   author = {{Creighton}, J.~D.~E.},
    title = "{Search techniques for gravitational waves from black-hole ringdowns}",
  journal = prd,
     year = 1999,
    month = jul,
   volume = 60,
   number = 2,
    pages = {022001-+},
   adsurl =
{http://ukads.nottingham.ac.uk/cgi-bin/nph-bib_query?bibcode=1999PhRvD..60b2001C&db_key=AST},
  adsnote = {Provided by the Smithsonian/NASA Astrophysics Data System}
}

@ARTICLE{Damour:2001,
   author = {{Damour}, T. and {Vilenkin}, A.},
    title = "{Gravitational wave bursts from cusps and kinks on cosmic strings}",
  journal = prd,
     year = 2001,
    month = sep,
   volume = 64,
   number = 6,
    pages = {064008-+},
   adsurl =
{http://ukads.nottingham.ac.uk/cgi-bin/nph-bib_query?bibcode=2001PhRvD..64f4008D&db_key=AST},
  adsnote = {Provided by the Smithsonian/NASA Astrophysics Data System}
}

@INPROCEEDINGS{Hurley:2000,
   author = {{Hurley}, K.},
    title = "{The 4.5+/-0.5 Soft Gamma Repeaters in Review}",
booktitle = {AIP Conf. Proc. 526: Gamma-ray Bursts, 5th Huntsville Symposium},
     year = 2000,
    pages = {763-+},
   adsurl =
{http://ukads.nottingham.ac.uk/cgi-bin/nph-bib_query?bibcode=2000AIPC..526..763H&db_key=AST},
  adsnote = {Provided by the Smithsonian/NASA Astrophysics Data System}
}

@ARTICLE{Hurley:2005,
   author = {{Hurley {\it et al}}, K.},
    title = "{An exceptionally bright flare from SGR 1806-20 and the origins of short-duration
{$\gamma$}-ray bursts}",
  journal = nat,
     year = 2005,
    month = apr,
   volume = 434,
    pages = {1098-1103},
      doi = {10.1038/nature03519},
   adsurl =
{http://ukads.nottingham.ac.uk/cgi-bin/nph-bib_query?bibcode=2005Natur.434.1098H&db_key=AST},
  adsnote = {Provided by the Smithsonian/NASA Astrophysics Data System}
}

@ARTICLE{Ioka:2001,
   author = {{Ioka}, K.},
    title = "{Magnetic deformation of magnetars for the giant flares of the soft gamma-ray
repeaters}",
  journal = mnras,
     year = 2001,
    month = oct,
   volume = 327,
    pages = {639-662},
      doi = {10.1046/j.1365-8711.2001.04756.x},
   adsurl =
{http://ukads.nottingham.ac.uk/cgi-bin/nph-bib_query?bibcode=2001MNRAS.327..639I&db_key=AST},
  adsnote = {Provided by the Smithsonian/NASA Astrophysics Data System}
}

@ARTICLE{Dodson:2004,
   author = {{Dodson {\it et al}}, R.},
    title = "{PSR 0833-45}",
  journal = iauc,
     year = 2004,
    month = jul,
   volume = 8370,
    pages = {4-+},
   adsurl =
{http://ukads.nottingham.ac.uk/cgi-bin/nph-bib_query?bibcode=2004IAUC.8370....4D&db_key=AST},
  adsnote = {Provided by the Smithsonian/NASA Astrophysics Data System}
}

@ARTICLE{Middleditch:2000,
   author = {{Middleditch {\it et al}}, J.},
    title = "{Rapid photometry of supernova 1987A: a 2.14 ms pulsar?}",
  journal = {New Astronomy},
     year = 2000,
    month = aug,
   volume = 5,
    pages = {243-283},
      doi = {10.1016/S1384-1076(00)00024-5},
   adsurl =
{http://ukads.nottingham.ac.uk/cgi-bin/nph-bib_query?bibcode=2000NewA....5..243M&db_key=AST},
  adsnote = {Provided by the Smithsonian/NASA Astrophysics Data System}
}

@ARTICLE{Veitch:2005,
    author = {{Veitch {\it et al}}, J.},
    title = "{A time-domain MCMC search and upper limit technique for gravitational waves of
uncertain frequency from a targeted neutron star}",
    journal = cqg,
		volume = 22,
		number = 18,
		pages = {995-1001},
    eprint = {arXiv:gr-qc/0504042},
    year = 2005,
    month = sep,
   adsurl =
{http://ukads.nottingham.ac.uk/cgi-bin/nph-bib_query?bibcode=2005gr.qc.....4042V&db_key=PRE},
  adsnote = {Provided by the Smithsonian/NASA Astrophysics Data System}
}

@ARTICLE{Baggio:2005,
    author = {{Baggio {\it et al}}, L.},
    title = "{Upper Limits on Gravitational-Wave Emission in Association with the 27 Dec 2004 Giant
Flare of SGR1806-20}",
  journal = prl,
     year = 2005,
    month = aug,
   volume = 95,
   number = 8,
    pages = {081103-+},
      doi = {10.1103/PhysRevLett.95.081103},
   adsurl =
{http://ukads.nottingham.ac.uk/cgi-bin/nph-bib_query?bibcode=2005PhRvL..95h1103B&db_key=AST},
  adsnote = {Provided by the Smithsonian/NASA Astrophysics Data System}
}

@ARTICLE{vanRiper:1991,
   author = {{van Riper}, K.~A. and {Epstein}, R.~I. and {Miller}, G.~S.},
    title = "{Soft X-ray pulses from neutron star glitches}",
  journal = apjl,
     year = 1991,
    month = nov,
   volume = 381,
    pages = {L47-L50},
      doi = {10.1086/186193},
   adsurl =
{http://ukads.nottingham.ac.uk/cgi-bin/nph-bib_query?bibcode=1991ApJ...381L..47V&db_key=AST},
  adsnote = {Provided by the Smithsonian/NASA Astrophysics Data System}
}

@INPROCEEDINGS{Dodson:2002,
   author = {{Dodson}, R. and {Lewis}, D.~R. and {McCulloch}, P.~M.},
    title = "{High Time Resolution Observations of a Vela Glitch}",
booktitle = {ASP Conf. Ser. 271: Neutron Stars in Supernova Remnants},
     year = 2002,
    pages = {357-+},
   adsurl =
{http://ukads.nottingham.ac.uk/cgi-bin/nph-bib_query?bibcode=2002ASPC..271..357D&db_key=AST},
  adsnote = {Provided by the Smithsonian/NASA Astrophysics Data System}
}

@ARTICLE{Woods:2005,
   author = {{Woods {\it et al}}, P.~M.},
    title = "{Spin and Pulsed X-ray Flux Properties of SGR 1806-20 after the Giant Flare}",
  journal = {The Astronomer's Telegram},
     year = 2005,
    month = feb,
   volume = 407,
    pages = {1-+},
   adsurl =
{http://ukads.nottingham.ac.uk/cgi-bin/nph-bib_query?bibcode=2005ATel..407....1W&db_key=AST},
  adsnote = {Provided by the Smithsonian/NASA Astrophysics Data System}
}

@ARTICLE{Umstatter:2005,
   author = {{Umst{\"a}tter {\it et al}}, R.},
    title = "{Bayesian modeling of source confusion in LISA data}",
  journal = prd,
     year = 2005,
    month = jul,
   volume = 72,
   number = 2,
    pages = {022001-+},
      doi = {10.1103/PhysRevD.72.022001},
   adsurl =
{http://ukads.nottingham.ac.uk/cgi-bin/nph-bib_query?bibcode=2005PhRvD..72b2001U&db_key=AST},
  adsnote = {Provided by the Smithsonian/NASA Astrophysics Data System}
}

@Article{Horvath:2005,
     author    = {{Horvath}, J. E.},
     title = "{Energetics of the Superflare from SGR1806-20 and a Possible Associated Gravitational
Wave Burst}",
  journal = mpla,
     year = 2005,
   volume = 20,
    pages = {2799-2804},
      doi = {10.1142/S0217732305018359},
   adsurl =
{http://ukads.nottingham.ac.uk/cgi-bin/nph-bib_query?bibcode=2005MPLA...20.2799H&db_key=PHY},
  adsnote = {Provided by the Smithsonian/NASA Astrophysics Data System}
}

@ARTICLE{Allen:2005,
    author = {{Allen {\it et al}}, B.},
    title = "{FINDCHIRP: an algorithm for detection of gravitational waves from inspiraling compact
binaries}",
    journal = {ArXiv General Relativity and Quantum Cosmology e-prints
\href{http://arxiv.org/abs/gr-qc/0509116}{\tt gr-qc/0509116}},
    eprint = {arXiv:gr-qc/0509116},
    year = 2005,
    month = sep,
   adsurl =
{http://ukads.nottingham.ac.uk/cgi-bin/nph-bib_query?bibcode=2005gr.qc.....9116A&db_key=PRE},
  adsnote = {Provided by the Smithsonian/NASA Astrophysics Data System}
}

@article{Einstein:1915,
	author = {{Einstein}, A.},
	year = 1915,
	title = "{On the general theory of relativity}",
	journal = "{Sitzungsberichte Preu\ss{}ische Akademie der Wissenschaften (Berlin)}",
	number = 778
}

@article{Einstein:1918,
	author = {{Einstein}, A.},
	year = 1918,
	title = "{On gravitational waves}",
	journal = "{Sitzungsberichte Preu\ss{}ische Akademie der Wissenschaften (Berlin)}",
	number = 157
}

@ARTICLE{Schutz:1984,
   author = {{Schutz}, B.~F.},
    title = "{Gravitational waves on the back of an envelope}",
  journal = amjp,
     year = 1984,
    month = may,
   volume = 52,
    pages = {412-419},
   adsurl =
{http://ukads.nottingham.ac.uk/cgi-bin/nph-bib_query?bibcode=1984AmJPh..52..412S&db_key=PHY},
  adsnote = {Provided by the Smithsonian/NASA Astrophysics Data System}
}

@book{Schutz:1985,
	author = {{Schutz}, B.~F.},
	title = "{A first course in general relativity}",
	publisher = {Cambridge University Press},
	address = {Cambridge},
	year = 1985
}

@ARTICLE{Flanagan:2005,
    author = {{Flanagan}, {\'E}.~{\'E}. and {Hughes}, S.~A.},
    title = "{The basics of gravitational wave theory}",
  journal = {New Journal of Physics},
     year = 2005,
    month = sep,
   volume = 7,
    pages = {204-+},
      doi = {10.1088/1367-2630/7/1/204},
   adsurl =
{http://ukads.nottingham.ac.uk/cgi-bin/nph-bib_query?bibcode=2005NJPh....7..204F&db_key=PHY},
  adsnote = {Provided by the Smithsonian/NASA Astrophysics Data System}
}

@ARTICLE{Schutz:1999,
   author = {{Schutz}, B.~F.},
    title = "{Gravitational wave astronomy}",
  journal = cqg,
     year = 1999,
    month = dec,
   volume = 16,
    pages = {A131-A156},
   adsurl =
{http://ukads.nottingham.ac.uk/cgi-bin/nph-bib_query?bibcode=1999CQGra..16A.131S&db_key=PHY},
  adsnote = {Provided by the Smithsonian/NASA Astrophysics Data System}
}

@incollection{300Years,
	booktitle = "{300 Years of Gravitation}",
	publisher = {Cambridge University Press},
	year = 1987,
	address = {Cambridge},
	editor = {{Hawking}, S.~K. and {Israel}, W.},
	author = {{Thorne}, K.~S.},
	title = "{Gravitational Radiation}"
}

@ARTICLE{Culter:2003,
   author = {{Cutler}, C. and {Ushomirsky}, G. and {Link}, B.},
    title = "{The Crustal Rigidity of a Neutron Star and Implications for PSR B1828-11 and Other
Precession Candidates}",
  journal = apj,
     year = 2003,
    month = may,
   volume = 588,
    pages = {975-991},
      doi = {10.1086/368308},
   adsurl =
{http://ukads.nottingham.ac.uk/cgi-bin/nph-bib_query?bibcode=2003ApJ...588..975C&db_key=AST},
  adsnote = {Provided by the Smithsonian/NASA Astrophysics Data System}
}

@ARTICLE{Nelemans:2001,
   author = {{Nelemans {\it et al}}, G.},
    title = "{Population synthesis for double white dwarfs . I. Close detached systems}",
  journal = aap,
     year = 2001,
    month = jan,
   volume = 365,
    pages = {491-507},
      doi = {10.1051/0004-6361:20000147},
   adsurl =
{http://ukads.nottingham.ac.uk/cgi-bin/nph-bib_query?bibcode=2001A%26A...365..491N&db_key=AST},
  adsnote = {Provided by the Smithsonian/NASA Astrophysics Data System}
}

@ARTICLE{Saffer:1998,
   author = {{Saffer}, R.~A. and {Livio}, M. and {Yungelson}, L.~R.},
    title = "{Close Binary White Dwarf Systems: Numerous New Detections and Their Interpretation}",
  journal = apj,
     year = 1998,
    month = jul,
   volume = 502,
    pages = {394-+},
      doi = {10.1086/305907},
   adsurl =
{http://ukads.nottingham.ac.uk/cgi-bin/nph-bib_query?bibcode=1998ApJ...502..394S&db_key=AST},
  adsnote = {Provided by the Smithsonian/NASA Astrophysics Data System}
}

@ARTICLE{Burgay:2003,
   author = {{Burgay {\it et al}}, M.},
    title = "{An increased estimate of the merger rate of double neutron stars from observations of
a highly relativistic system}",
  journal = nat,
     year = 2003,
    month = dec,
   volume = 426,
    pages = {531-533},
   adsurl =
{http://adsabs.harvard.edu/cgi-bin/nph-bib_query?bibcode=2003Natur.426..531B&db_key=AST},
  adsnote = {Provided by the Smithsonian/NASA Astrophysics Data System}
}

@ARTICLE{Kalogera:2004b,
   author = {{Kalogera {\it et al}}, V.},
    title = "{Erratum: ``The Cosmic Coalescence Rates for Double Neutron Star Binaries''}",
  journal = apjl,
     year = 2004,
    month = oct,
   volume = 614,
    pages = {L137-L138},
      doi = {10.1086/425868},
   adsurl =
{http://ukads.nottingham.ac.uk/cgi-bin/nph-bib_query?bibcode=2004ApJ...614L.137K&db_key=AST},
  adsnote = {Provided by the Smithsonian/NASA Astrophysics Data System}
}

@ARTICLE{Kalogera:2004a,
   author = {{Kalogera {\it et al}}, V.},
    title = "{The Cosmic Coalescence Rates for Double Neutron Star Binaries}",
  journal = apjl,
     year = 2004,
    month = feb,
   volume = 601,
    pages = {L179-L182},
      doi = {10.1086/382155},
   adsurl =
{http://ukads.nottingham.ac.uk/cgi-bin/nph-bib_query?bibcode=2004ApJ...601L.179K&db_key=AST},
  adsnote = {Provided by the Smithsonian/NASA Astrophysics Data System}
}

@ARTICLE{Lee:2005,
    author = {{Lee}, C.-H. and {Brown}, G.~E.},
    title = "{Double Neutron Star Binaries: Implications for LIGO}",
    journal = {ArXiv Astrophysics e-prints \href{http://arxiv.org/abs/astro-ph/0510380}{\tt
astro-ph/0510380}},
    eprint = {arXiv:astro-ph/0510380},
    year = 2005,
    month = oct,
   adsurl =
{http://ukads.nottingham.ac.uk/cgi-bin/nph-bib_query?bibcode=2005astro.ph.10380L&db_key=PRE},
  adsnote = {Provided by the Smithsonian/NASA Astrophysics Data System}
}

@ARTICLE{Fox:2005,
   author = {{Fox {\it et al}}, D.~B.},
    title = "{The afterglow of GRB 050709 and the nature of the short-hard {$\gamma$}-ray bursts}",
  journal = nat,
     year = 2005,
    month = oct,
   volume = 437,
    pages = {845-850},
      doi = {10.1038/nature04189},
   adsurl =
{http://ukads.nottingham.ac.uk/cgi-bin/nph-bib_query?bibcode=2005Natur.437..845F&db_key=GEN},
  adsnote = {Provided by the Smithsonian/NASA Astrophysics Data System}
}

@ARTICLE{MacFayden:2002,
   author = {{MacFadyen}, A.~I.},
    title = "{The Collapsar Model for Gamma-Ray Bursts and Asymmetric Supernovae}",
  journal = baas,
     year = 2002,
    month = may,
   volume = 34,
    pages = {685-+},
   adsurl =
{http://ukads.nottingham.ac.uk/cgi-bin/nph-bib_query?bibcode=2002AAS...200.3203M&db_key=AST},
  adsnote = {Provided by the Smithsonian/NASA Astrophysics Data System}
}

@ARTICLE{Abbott2:2005,
    author = {{Abbott {\it et al}}, B.},
    title = "{Upper Limits on a Stochastic Background of Gravitational Waves}",
  journal = {Physical Review Letters},
     year = 2005,
    month = nov,
   volume = 95,
   number = 22,
    pages = {221101-+},
      doi = {10.1103/PhysRevLett.95.221101},
   adsurl =
{http://ukads.nottingham.ac.uk/cgi-bin/nph-bib_query?bibcode=2005PhRvL..95v1101A&db_key=AST},
  adsnote = {Provided by the Smithsonian/NASA Astrophysics Data System}
}

@ARTICLE{Willke:2002,
   author = {{Willke {\it et al}}, B.},
    title = "{The GEO 600 gravitational wave detector  }",
  journal = cqg,
     year = 2002,
    month = apr,
   volume = 19,
    pages = {1377-1387},
   adsurl =
{http://ukads.nottingham.ac.uk/cgi-bin/nph-bib_query?bibcode=2002CQGra..19.1377W&db_key=PHY},
  adsnote = {Provided by the Smithsonian/NASA Astrophysics Data System}
}

@ARTICLE{Weber:1960,
   author = {{Weber}, J.},
    title = "{Detection and Generation of Gravitational Waves}",
  journal = "{Phys. Rev.}",
     year = 1960,
    month = jan,
   volume = 117,
    pages = {306-313},
      doi = {10.1103/PhysRev.117.306},
   adsurl =
{http://ukads.nottingham.ac.uk/cgi-bin/nph-bib_query?bibcode=1960PhRv..117..306W&db_key=PHY},
  adsnote = {Provided by the Smithsonian/NASA Astrophysics Data System}
}

@ARTICLE{Abramovici:1992,
   author = {{Abramovici {\it et al}}, A.},
    title = "{LIGO - The Laser Interferometer Gravitational-Wave Observatory}",
  journal = {Science},
     year = 1992,
    month = apr,
   volume = 256,
    pages = {325-333},
   adsurl =
{http://ukads.nottingham.ac.uk/cgi-bin/nph-bib_query?bibcode=1992Sci...256..325A&db_key=AST},
  adsnote = {Provided by the Smithsonian/NASA Astrophysics Data System}
}

@ARTICLE{Abbott3:2004,
   author = {{Abbott {\it et al}}, B.},
    title = "{Detector description and performance for the first coincidence observations between
LIGO and GEO}",
  journal = nimpra,
     year = 2004,
    month = jan,
   volume = 517,
    pages = {154-179},
      doi = {10.1016/S0168-9002(03)02867-5},
   adsurl =
{http://ukads.nottingham.ac.uk/cgi-bin/nph-bib_query?bibcode=2004NIMPA.517..154A&db_key=PHY},
  adsnote = {Provided by the Smithsonian/NASA Astrophysics Data System}
}

@ARTICLE{Abbott3:2005,
    author = {{Abbott {\it et al}}, B.},
    title = "{First all-sky upper limits from LIGO on the strength of periodic gravitational waves
using the Hough transform}",
    journal = prd,
    eprint = {arXiv:gr-qc/0508065},
    year = 2005,
		volume = 72,
		pages = {102004-+},
   adsurl =
{http://ukads.nottingham.ac.uk/cgi-bin/nph-bib_query?bibcode=2005gr.qc.....8065L&db_key=PRE},
  adsnote = {Provided by the Smithsonian/NASA Astrophysics Data System}
}

@ARTICLE{Abbott4:2005,
   author = {{Abbott {\it et al}}, B.},
    title = "{Upper limits on gravitational wave bursts in LIGO's second science run}",
  journal = prd,
     year = 2005,
    month = sep,
   volume = 72,
   number = 6,
    pages = {062001-+},
      doi = {10.1103/PhysRevD.72.062001},
   adsurl =
{http://ukads.nottingham.ac.uk/cgi-bin/nph-bib_query?bibcode=2005PhRvD..72f2001A&db_key=AST},
  adsnote = {Provided by the Smithsonian/NASA Astrophysics Data System}
}
@ARTICLE{Abbott4:2004,
   author = {{Abbott {\it et al}}, B.},
    title = "{First upper limits from LIGO on gravitational wave bursts}",
  journal = prd,
     year = 2004,
    month = may,
   volume = 69,
   number = 10,
    pages = {102001-+},
      doi = {10.1103/PhysRevD.69.102001},
   adsurl =
{http://ukads.nottingham.ac.uk/cgi-bin/nph-bib_query?bibcode=2004PhRvD..69j2001A&db_key=AST},
  adsnote = {Provided by the Smithsonian/NASA Astrophysics Data System}
}

@ARTICLE{Abbott5:2005,
    author = {{Abbott {\it et al}}, B.},
    title = "{Upper limits from the LIGO and TAMA detectors on the rate of gravitational-wave
bursts}",
  journal = prd,
     year = 2005,
    month = dec,
   volume = 72,
   number = 12,
    pages = {122004-+},
      doi = {10.1103/PhysRevD.72.122004},
   adsurl =
{http://ukads.nottingham.ac.uk/cgi-bin/nph-bib_query?bibcode=2005PhRvD..72l2004A&db_key=AST},
  adsnote = {Provided by the Smithsonian/NASA Astrophysics Data System}
}

@ARTICLE{Abbott6:2005,
   author = {{Abbott {\it et al}}, B.},
    title = "{Search for gravitational waves associated with the gamma ray burst GRB030329 using the
LIGO detectors}",
  journal = prd,
     year = 2005,
    month = aug,
   volume = 72,
   number = 4,
    pages = {042002-+},
      doi = {10.1103/PhysRevD.72.042002},
   adsurl =
{http://ukads.nottingham.ac.uk/cgi-bin/nph-bib_query?bibcode=2005PhRvD..72d2002A&db_key=AST},
  adsnote = {Provided by the Smithsonian/NASA Astrophysics Data System}
}

@ARTICLE{Abbott7:2005,
    author = {{Abbott {\it et al}}, B.},
    title = "{Search for gravitational waves from galactic and extra-galactic binary neutron
stars}",
  journal = prd,
     year = 2005,
    month = oct,
   volume = 72,
   number = 8,
    pages = {082001-+},
      doi = {10.1103/PhysRevD.72.082001},
   adsurl =
{http://ukads.nottingham.ac.uk/cgi-bin/nph-bib_query?bibcode=2005PhRvD..72h2001A&db_key=AST},
  adsnote = {Provided by the Smithsonian/NASA Astrophysics Data System}
}

@ARTICLE{Abbott8:2005,
    author = {{Abbott {\it et al}}, B.},
    title = "{Search for gravitational waves from binary black hole inspirals in LIGO data}",
    journal = {ArXiv General Relativity and Quantum Cosmology e-prints
\href{http://arxiv.org/abs/gr-qc/0509129}{\tt gr-qc/0509129}},
    eprint = {arXiv:gr-qc/0509129},
    year = 2005,
    month = sep,
   adsurl =
{http://ukads.nottingham.ac.uk/cgi-bin/nph-bib_query?bibcode=2005gr.qc.....9129L&db_key=PRE},
  adsnote = {Provided by the Smithsonian/NASA Astrophysics Data System}
}

@ARTICLE{Abbott9:2005,
    author = {{Abbott {\it et al}}, B.},
    title = "{Search for gravitational waves from primordial black hole binary coalescences in the
galactic halo}",
  journal = prd,
     year = 2005,
    month = oct,
   volume = 72,
   number = 8,
    pages = {082002-+},
      doi = {10.1103/PhysRevD.72.082002},
   adsurl =
{http://ukads.nottingham.ac.uk/cgi-bin/nph-bib_query?bibcode=2005PhRvD..72h2002A&db_key=AST},
  adsnote = {Provided by the Smithsonian/NASA Astrophysics Data System}
}

@ARTICLE{Abbott5:2004,
   author = {{Abbott {\it et al}}, B.},
    title = "{Analysis of first LIGO science data for stochastic gravitational waves}",
  journal = prd,
     year = 2004,
    month = jun,
   volume = 69,
   number = 12,
    pages = {122004-+},
      doi = {10.1103/PhysRevD.69.122004},
   adsurl =
{http://ukads.nottingham.ac.uk/cgi-bin/nph-bib_query?bibcode=2004PhRvD..69l2004A&db_key=AST},
  adsnote = {Provided by the Smithsonian/NASA Astrophysics Data System}
}

@ARTICLE{Stark:2004,
   author = {{Stark {\it et al}}, M.~J.},
    title = "{Pulsar frequency glitches in the Accreting pulsar SAX J2103.5+4545}",
  journal = {American Astronomical Society Meeting Abstracts},
     year = 2004,
    month = dec,
   volume = 205,
    pages = {-+},
   adsurl =
{http://ukads.nottingham.ac.uk/cgi-bin/nph-bib_query?bibcode=2004AAS...205.8303S&db_key=AST},
  adsnote = {Provided by the Smithsonian/NASA Astrophysics Data System}
}

@ARTICLE{Galloway:2004,
   author = {{Galloway}, D.~K. and {Morgan}, E.~H. and {Levine}, A.~M.},
    title = "{A Frequency Glitch in an Accreting Pulsar}",
  journal = apj,
     year = 2004,
    month = oct,
   volume = 613,
    pages = {1164-1172},
      doi = {10.1086/423265},
   adsurl =
{http://ukads.nottingham.ac.uk/cgi-bin/nph-bib_query?bibcode=2004ApJ...613.1164G&db_key=AST},
  adsnote = {Provided by the Smithsonian/NASA Astrophysics Data System}
}

@ARTICLE{Mendell:2005,
   author = {{Mendell}, G.},
    title = "{Incoherent wide parameter-space searches for gravitational waves from neutron stars
using LIGO S2 and S3 data}",
  journal = {APS Meeting Abstracts},
     year = 2005,
    month = apr,
    pages = {10004-+},
   adsurl =
{http://ukads.nottingham.ac.uk/cgi-bin/nph-bib_query?bibcode=2005APS..APRB10004M&db_key=PHY},
  adsnote = {Provided by the Smithsonian/NASA Astrophysics Data System}
}

@ARTICLE{Dergachev:2005,
   author = {{Dergachev}, V.},
    title = "{Broadband Search for Continous-Wave Gravitation Radiation with LIGO}",
  journal = {APS Meeting Abstracts},
     year = 2005,
    month = apr,
    pages = {10002-+},
   adsurl =
{http://ukads.nottingham.ac.uk/cgi-bin/nph-bib_query?bibcode=2005APS..APRB10002D&db_key=PHY},
  adsnote = {Provided by the Smithsonian/NASA Astrophysics Data System}
}

@ARTICLE{DupuisWoan:2005,
    author = {{Dupuis}, R.~J. and {Woan}, G.},
    title = "{Bayesian estimation of pulsar parameters from gravitational wave data}",
    journal = prd,
		volume = 72,
    eprint = {arXiv:gr-qc/0508096},
    year = 2005,
		pages = {102002-+},
   adsurl =
{http://ukads.nottingham.ac.uk/cgi-bin/nph-bib_query?bibcode=2005gr.qc.....8096D&db_key=PRE},
  adsnote = {Provided by the Smithsonian/NASA Astrophysics Data System}
}

@ARTICLE{Cottam:2002,
   author = {{Cottam}, J. and {Paerels}, F. and {Mendez}, M.},
    title = "{Gravitationally redshifted absorption lines in the X-ray burst spectra of a neutron
star}",
  journal = nat,
     year = 2002,
    month = nov,
   volume = 420,
    pages = {51-54},
   adsurl =
{http://ukads.nottingham.ac.uk/cgi-bin/nph-bib_query?bibcode=2002Natur.420...51C&db_key=AST},
  adsnote = {Provided by the Smithsonian/NASA Astrophysics Data System}
}

@ARTICLE{Andersson:1998,
   author = {{Andersson}, N.},
    title = "{A New Class of Unstable Modes of Rotating Relativistic Stars}",
  journal = apj,
     year = 1998,
    month = aug,
   volume = 502,
    pages = {708-+},
      doi = {10.1086/305919},
   adsurl =
{http://ukads.nottingham.ac.uk/cgi-bin/nph-bib_query?bibcode=1998ApJ...502..708A&db_key=AST},
  adsnote = {Provided by the Smithsonian/NASA Astrophysics Data System}
}

@book{Hendry:2005,
	author = {{Hendry}, M.~A.},
	chapter = 5,
	title = "{Gravitational Radiation}",
	series = "{Lecture Notes in Gravitation and Relativity II}",
	year = 2005,
	publisher = {Unversity of Glasgow},
}

@ARTICLE{Pitkin:2005,
   author = {{Pitkin}, M. and {the LIGO Scientific Collaboration}},
    title = "{Searching for gravitational waves from known pulsars}",
  journal = cqg,
     year = 2005,
    month = sep,
   volume = 22,
    pages = {1277-+},
      doi = {10.1088/0264-9381/22/18/S41},
   adsurl =
{http://ukads.nottingham.ac.uk/cgi-bin/nph-bib_query?bibcode=2005CQGra..22.1277P&db_key=PHY},
  adsnote = {Provided by the Smithsonian/NASA Astrophysics Data System}
}

@ARTICLE{MacFadyen:1999,
   author = {{MacFadyen}, A.~I. and {Woosley}, S.~E.},
    title = "{Collapsars: Gamma-Ray Bursts and Explosions in ``Failed Supernovae''}",
  journal = apj,
     year = 1999,
    month = oct,
   volume = 524,
    pages = {262-289},
      doi = {10.1086/307790},
   adsurl =
{http://ukads.nottingham.ac.uk/cgi-bin/nph-bib_query?bibcode=1999ApJ...524..262M&db_key=AST},
  adsnote = {Provided by the Smithsonian/NASA Astrophysics Data System}
}

@ARTICLE{Baade:1934,
   author = {{Baade}, W. and {Zwicky}, F.},
    title = "{Cosmic Rays from Super-novae}",
  journal = "Proc. Nat. Acad. Sci.",
     year = 1934,
   volume = 20,
    pages = {259-263},
   adsurl =
{http://ukads.nottingham.ac.uk/cgi-bin/nph-bib_query?bibcode=1934PNAS...20..259B&db_key=AST},
  adsnote = {Provided by the Smithsonian/NASA Astrophysics Data System}
}

@inproceedings{Phinney:1993,
	author = {{Phinney}, E.~S.},
	title = "{Pulsars as Probes of Globular Cluster Dynamics}",
	booktitle = {ASP Conf. Ser. 50: Structure and Dynamics of Globular Clusters},
	year = 1993,
	pages = {141+-}
}

@article{Zimmermann:1979,
	author = {{Zimmermann}, M. and {Szedenits, Jr.}, E.},
	title = "{Gravitational waves from rotating and precessing rigid bodies: Simple models
and applications to pulsars}",
	year = 1979,
	journal = prd,
	volume = 20,
	pages = {351-355},
	month = jul
}